@article{mortl2012role,
  title={The role of roles: Physical cooperation between humans and robots},
  author={M{\"o}rtl, Alexander and Lawitzky, Martin and Kucukyilmaz, Ayse and Sezgin, Metin and Basdogan, Cagatay and Hirche, Sandra},
  journal={The International Journal of Robotics Research},
  volume={31},
  number={13},
  pages={1656--1674},
  year={2012},
  publisher={SAGE Publications Sage UK: London, England}
}

@article{clark2004pac,
  title={PAC-learnability of probabilistic deterministic finite state automata},
  author={Clark, Alexander and Thollard, Franck},
  journal={Journal of Machine Learning Research},
  volume={5},
  number={May},
  pages={473--497},
  year={2004}
}
@book{basar1999dynamic,
  title={Dynamic noncooperative game theory},
  author={Basar, Tamer and Olsder, Geert Jan},
  volume={23},
  year={1999},
  publisher={Siam}
}
@article{angluin1987learning,
  title={Learning regular sets from queries and counterexamples},
  author={Angluin, Dana},
  journal={Information and computation},
  volume={75},
  number={2},
  pages={87--106},
  year={1987},
  publisher={Elsevier}
}

@book{de2010grammatical,
  title={Grammatical inference: learning automata and grammars},
  author={De la Higuera, Colin},
  year={2010},
  publisher={Cambridge University Press}
}

@incollection{bandyopadhyay2013intention,
  title={Intention-aware motion planning},
  author={Bandyopadhyay, Tirthankar and Won, Kok Sung and Frazzoli, Emilio and Hsu, David and Lee, Wee Sun and Rus, Daniela},
  booktitle={Algorithmic Foundations of Robotics X},
  pages={475--491},
  year={2013},
  publisher={Springer}
}

@inproceedings{heinz2013learning,
  title={Learning subregular classes of languages with factored deterministic automata},
  author={Heinz, Jeffrey and Rogers, Jim},
  booktitle={Proceedings of the 13th Meeting on the Mathematics of Language (MoL 13)},
  pages={64--71},
  year={2013}
}
@inproceedings{cermak2016using,
  title={Using correlated strategies for computing stackelberg equilibria in extensive-form games},
  author={Cermak, Jiri and Bosansky, Branislav and Durkota, Karel and Lisy, Viliam and Kiekintveld, Christopher},
  booktitle={Thirtieth AAAI Conference on Artificial Intelligence},
  year={2016}
}

@article{colman2014explaining,
  title={Explaining strategic coordination: Cognitive hierarchy theory, strong Stackelberg reasoning, and team reasoning.},
  author={Colman, Andrew M and Pulford, Briony D and Lawrence, Catherine L},
  journal={Decision},
  volume={1},
  number={1},
  pages={35},
  year={2014},
  publisher={Educational Publishing Foundation}
}

% pi qualification

@article{fu2013bottom,
  title={Bottom-up symbolic control: Attractor-based planning and behavior synthesis},
  author={Fu, Jie and Tanner, Herbert G},
  journal={IEEE Transactions on Automatic Control},
  volume={58},
  number={12},
  pages={3142--3155},
  year={2013},
  publisher={IEEE}
}
@Article{fu2014adaptive,
  author    = {Fu, Jie and Tanner, Herbert G and Heinz, Jeffrey and Chandlee, Jane},
  title     = {Adaptive symbolic control for finite-state transition systems with grammatical inference},
  journal   = {IEEE Transactions on Automatic Control},
  year      = {2014},
  volume    = {59},
  number    = {2},
  pages     = {505--511},
  publisher = {IEEE},
}
@book{de2010grammatical,
  title={Grammatical inference: learning automata and grammars},
  author={De la Higuera, Colin},
  year={2010},
  publisher={Cambridge University Press}
}
@article{hopcroft2001introduction,
  title={Introduction to automata theory, languages, and computation},
  author={Hopcroft, John E and Motwani, Rajeev and Ullman, Jeffrey D},
  journal={Acm Sigact News},
  volume={32},
  number={1},
  pages={60--65},
  year={2001},
  publisher={ACM}
}

@inproceedings{vorobeychik2012computing,
  title={Computing Stackelberg Equilibria in Discounted Stochastic Games.},
  author={Vorobeychik, Yevgeniy and Singh, Satinder P},
  booktitle={AAAI},
  year={2012}
}

@book{alur2015principles,
  title={Principles of cyber-physical systems},
  author={Alur, Rajeev},
  year={2015},
  publisher={MIT Press}
}

@InProceedings{fu2017sampling,
  author       = {Fu, Jie and Papusha, Ivan and Topcu, Ufuk},
  title        = {Sampling-based approximate optimal control under temporal logic constraints},
  booktitle    = {Proceedings of the 20th International Conference on Hybrid Systems: Computation and Control},
  year         = {2017},
  pages        = {227--235},
  organization = {ACM},
}


@Article{fu2015concurrent,
  author    = {Fu, Jie and Tanner, Herbert G and Heinz, Jeffrey},
  title     = {Concurrent multi-agent systems with temporal logic objectives: game theoretic analysis and planning through negotiation},
  journal   = {IET Control Theory \& Applications},
  year      = {2015},
  volume    = {9},
  number    = {3},
  pages     = {465--474},
  publisher = {IET},
}
@Article{fu2016synthesis,
  author    = {Fu, Jie and Topcu, Ufuk},
  title     = {Synthesis of shared autonomy policies with temporal logic specifications},
  journal   = {IEEE Transactions on Automation Science and Engineering},
  year      = {2016},
  volume    = {13},
  number    = {1},
  pages     = {7--17},
  publisher = {IEEE},
}

@inproceedings{perny2010finding,
  title={On finding compromise solutions in multiobjective Markov decision processes},
  author={Perny, Patrice and Weng, Paul},
  booktitle={European Conference on Artificial Intelligence Multidisciplinary Workshop on Advances in Preference Handling},
  pages={969--970},
  year={2010},
  organization={IOS Press}
}

@inproceedings{fulda2007predicting,
  title={Predicting and Preventing Coordination Problems in Cooperative Q-learning Systems.},
  author={Fulda, Nancy and Ventura, Dan},
  booktitle={IJCAI},
  volume={2007},
  pages={780--785},
  year={2007}
}
@article{downey2016blending,
  title={Blending of brain-machine interface and vision-guided autonomous robotics improves neuroprosthetic arm performance during grasping},
  author={Downey, John E and Weiss, Jeffrey M and Muelling, Katharina and Venkatraman, Arun and Valois, Jean-Sebastien and Hebert, Martial and Bagnell, J Andrew and Schwartz, Andrew B and Collinger, Jennifer L},
  journal={Journal of neuroengineering and rehabilitation},
  volume={13},
  number={1},
  pages={28},
  year={2016},
  publisher={BioMed Central}
}
@inproceedings{franceschi2017forward,
  title={Forward and Reverse Gradient-Based Hyperparameter Optimization},
  author={Franceschi, Luca and Donini, Michele and Frasconi, Paolo and Pontil, Massimiliano},
  booktitle={International Conference on Machine Learning},
  pages={1165--1173},
  year={2017}
}