%% uctest.bib 11/3/94
%% Copyright (C) 1988-2004 Daniel Gildea, BBF, Ethan Munson.
%
% This work may be distributed and/or modified under the
% conditions of the LaTeX Project Public License, either version 1.3
% of this license or (at your option) any later version.
% The latest version of this license is in
%   http://www.latex-project.org/lppl.txt
% and version 1.3 or later is part of all distributions of LaTeX
% version 2003/12/01 or later.
%
% This work has the LPPL maintenance status "maintained".
%
% The Current Maintainer of this work is Daniel Gildea.


%%%%%%%%%%%%%%%%%%%%%%%%%%%%%%%%%%%%%%%%%%%%%%%%%%%%%%%%%%%%%%%%%%%%%%%%%%%%%%%%

%============================
% A
%============================


@inproceedings{vorobeychik2012computing,
  title={Computing Stackelberg Equilibria in Discounted Stochastic Games.},
  author={Vorobeychik, Yevgeniy and Singh, Satinder P},
  booktitle={AAAI},
  year={2012}
}

@article{Albrecht_Chitwood:01,
  author        = "WR Chitwood and others",
  title         = "Robotic Surgical Training in an Academic Institution",
  journal       = "Analysis of Surgery",
  volume        = "234",
  number        = "4",
  year          = "2001",
  pages         = "475-486"
};
%   author        = "WR Chitwood and L Wiley Nifong and WH Chapman and JE Felger and BM Bailey and T Ballint and KG Mendleson and VB Kim and JA Young and   RA Albrecht",


@inproceedings{Alami_Mainprice:12,
  author        = "Mainprice, J. and Gharbi, M. and Simeon, T. and Alami, R.",
  title         = "Sharing effort in planning human-robot handover tasks.",
  booktitle     = "RO-MAN 2012",
  address       = "Kissimmee, FL",
  month         = Sep,
  year          = "2012",
  pages         = "764-770"
};


@article{Asada:83,
  author        = "H. Asada",
  title         = "A Geometrical Representation of Manipulator Dynamics and Its Application to Arm Design",
  journal       = "ASME Journal of Dynamic Systems, Measurement, and Control",
  volume        = "105",
  number        = "3",
  year          = "1983",
  pages         = "131-135"
};
@article{Angeles:92,
  author        = "Angeles, J",
  title         = "The Design of Isotropic Manipulator Architectures in the Presence of Redundancies",
  journal       = "Int. J. Robotics Research",
  volume        = "11",
  number        = "3",
  year          = "1992",
  pages         = "560-571"
};

@article{Arbib_Hoff:93,
    author      = "Hoff, B. and Arbib, M.A.",
    title       = "Models of Trajectory Formation and Temporal Interaction of Reach and Grasp",
    journal     = "J. of motor behavior",
    volume      = "25",
    issue       = "3",
    year        = 1993,
    pages       = "175-192",
};


@inproceedings{Angeles_Gosselin:88,
  author        = "C.M. Gosselin and J. Angeles",
  title         = "A new performance index for the kinematic optimization of robotic manipulator",
  booktitle     = "Proc. ASME Mec. Conf.",
  address       = "Kissimmee, FL",
  year          = "1988",
  pages         = "441-447"
};


@Incollection{Park_Angeles:08,
    author      = "J. Angeles and F.C. Park",
    title       = "Performance evaluation and design criteria",
    booktitle   = "A handbook of Robotics",
    editor      = "B. Siciliano and O. Khatib",
    publisher   = "Springer Handbook of Robotics, 1st edition",
    pages       = "229-244",
    year        = 2008,
};

@Misc{Autolev,
    author      = "Unknown",
    title       = "Motion Genesis",
    url         = "http://www.motiongenesis.com/",
    note        = "Previously Autolev. Accessed: May 13, 2014"
};

@article{Abbs_Gracco:85,
    author      = "Gracco, V.L. and Abbs, J.H.",
    title       = "Dynamic control of the perioral system during speech: kinematic analyses of autogenic and nonautogenic sensorimotor processes",
    journal     = "J. of Neurophysiol.",
    volume      = "54",
    issue       = "2",
    year        = 1985,
    pages       = "418-432",
};


@article{Anderson_Pandy:95,
    author      = "Pandy, M.G. and Garner, B.A. and Anderson, F.C.",
    title       = "Optimal control of non-ballistic muscular movements: a constraint-based performance criterion for rising from a chair",
    journal     = "J. of Neurophysiology",
    volume      = "117",
    issue       = "1",
    year        = 1995,
    pages       = "9098-9106",
};



%============================
% B
%============================



@article{Borner_Bargar:98,
  author        = "Bargar, William L and Bauer, Andr{\'e} and B{\"o}rner, Martin",
  title         = "Primary and Revision Total Hip Replacement Using the Robodoc (R) System.",
  journal       = "Clinical orthopaedics and related research",
  volume        = "354",
  year          = "1998",
  pages         = "82-91"
};


@article{Butler_Dupont:10,
  author        = "Dupont, Pierre E and Lock, Jesse and Itkowitz, Brandon and Butler, Evan",
  title         = "Design and control of concentric-tube robots",
  journal       = "IEEE Transactions on Robotics",
  volume        = "26",
  number        = "2",
  year          = "2010",
  pages         = "209-225"
};


@article{Bicchi_Catalano:14,
  author        = "M.G. Catalano and G. Grioli and E. Farnioli and A. Serio and C. Piazza and A. Bicchi",
  title         = "Adaptive synergies for the design and control of the Pisa/IIT SoftHand",
  journal       = "Brain",
  volume        = "33",
  number        = "5",
  year          = "2014",
  pages         = "768-782"
};

@article{Brandt_Kupferberg:11,
  author        = "Kupferberg, A. and Glasauer, S. and Huber, M. and Rickert, M. and Knoll, A. and Brandt, T.",
  title         = "Biological movement increases acceptance of humanoid robots as human partners in motor interaction",
  journal       = "AI \& SOCIETY",
  volume        = "26",
  number        = "4",
  year          = "2011",
  pages         = "339-345"
};



@inproceedings{Brandt_Glasauer:10,
  author        = "Glasauer, S. and others",
  title         = "Interacting in time and space: Investigating human-human and human-robot joint action.",
  booktitle     = "RO-MAN 2010",
  address       = "Viareggio, Italy",
  month         = Sep,
  year          = "2010",
  pages         = "252-257",
};

%  author        = "Glasauer, S. and Huber, M. and Basili, P. and Knoll, A. and Brandt, T.",


@inproceedings{Berenson_Mainprice:13,
  author        = "Mainprice, J. and Berenson, D.",
  title         = "Human-robot collaborative manipulation planning using early prediction of human motion.",
  booktitle     = "IROS 2013",
  address       = "Tokyo, Japan",
  month         = Nov,
  year          = "2013",
  pages         = "299-306",
};


@article{Bergamasco_Frisoli:12,
  author        = "A. Frisoli and C. Loconsole and R. Bartalucci and M. Bergamasco",
  title         = "A new bounded jerk on-line trajectory planning for mimicking human movements in robot-aided neurorehabilitation",
  journal       = "Robotics and Autonomous Systems",
  volume        = "61",
  number        = "4",
  year          = "2012",
  pages         = "404-415"
};




@article{Byblow_Stinear:08,
  author        = "CM. Stinear and PA. Barber and JP. Coxon and MK. Fleming and WD. Byblow",
  title         = "Priming the motor system enhances the effects of upper limb therapy in chronic stroke",
  journal       = "Brain",
  volume        = "131",
  number        = "5",
  year          = "2008",
  pages         = "1381-90"
};


@Misc{BostonUniv_RandomError,
    author      = "Boston University School of Public health",
    title       = "Random Error",
    url         = "sph.bu.edu/otit/MPH-Modules/EP/EP713-RandomError-print.html"
};


@article{Bohannon_Andrews:89,
  author        = "Andrews, AW and Bohannon, RW.",
  title         = "Decreased shoulder range of motion on paretic side after stroke.",
  journal       = "Phys Ther.",
  volume        = "69",
  number        = "9",
  month         = Sep,
  year          = "1989",
  pages         = "768-72"
};

@inproceedings{Bobrow_Reinkensmeyer:07,
  author        = "Reinkensmeyer, DJ and Wolbrecht, E and Bobrow, J",
  title         = "A Computational Model of Human-Robot Load Sharing during Robot-Assisted Arm Movement Training after Stroke",
  booktitle     = "Conf Proc IEEE Eng Med Biol Soc",
  address       = "Lyon, France",
  month         = Aug,
  year          = "2007",
  pages         = "4019-4023",
};


@article{Beek_Peper:99,
  author        = "Peper, CE and Beek, PJ.",
  title         = "Modeling rhythmic interlimb coordination: The roles of movement amplitude and time delays",
  journal       = "Human Movement Science",
  volume        = "18",
  number        = "2-3",
  month         = Jun,
  year          = "1999",
  pages         = "263-280"
};

@article{Brandt_Swinnen:97,
  author        = "Swinnen, SP. and Jardin, K. and Meulenbroek, R. and Dounskaia, N. and Hofkens-Van, Den. and Brandt, M.",
  title         = "Egocentric and allocentric constraints in the expression of patterns of interlimb coordination",
  journal       = "Arch Phys Med Rehabil",
  volume        = "9",
  number        = "3",
  month         = May,
  year          = "1997",
  pages         = "348-377"
};

@article{Baba_Marteniuk:84,
  author        = "Marteniuk, RG. and MacKenzie CL and Baba DM.",
  title         = "Bimanual movement control: information processing and interaction effects.",
  journal       = "J Exp Psychol",
  volume        = "36",
  number        = "2",
  pages         = "335-365",
  year          = "1984",
};

@article{Beek_vanDelden:04,
  author        = "van Delden, A.L. and Peper, CL. and Kwakkel, G and Beek, PJ.",
  title         = "A Systematic Review of Bilateral Upper Limb Training Devices for Poststroke Rehabilitation",
  journal       = "Stroke Res Treat.",
  volume        = "2012",
  number        = "",
  pages         = "1-17",
  year          = "2012",
};


@article{Byblow_Lewis:04,
  author        = "Lewis, GN. and Byblow, WD. ",
  title         = "Neurophysiological and behavioural adaptations to a bilateral training intervention in individuals following stroke",
  journal       = "Clin Rehabil",
  volume        = "18",
  number        = "1",
  pages         = "48-59",
  year          = "2004",
};

@article{Bravo_Desrosiers:05,
  author        = "Desrosiers, J and Bourbonnais, D and Corriveau, H and Gosselin, S and Bravo, G.",
  title         = "Effectiveness of unilateral and symmetrical bilateral task training for arm during the subacute phase after stroke: a randomized controlled trial",
  journal       = "Clin Rehabil",
  volume        = "19",
  number        = "6",
  pages         = "581-93",
  year          = "2005",
};

@article{Bravo_Desrosiers:03,
  author        = "Desrosiers, J. and Malouin, F. and Richards, C. and Bourbonnais, D. and Rochette, A. and Bravo G.",
  title         = "Comparison of changes in upper and lower extremity impairments and disabilities after stroke",
  journal       = "Int J Rehabil Res",
  volume        = "26",
  number        = "2",
  pages         = "109-16",
  year          = "2003",
};

@article{Beek_Ridderikhoff:05,
    author      = "A. Ridderikhoff and C. E. Peper and P. J. Beek",
    title       = "Unraveling interlimb interactions underlying bimanual coordination",
    journal     = "J. of Neurophysiology",
    volume      = "94",
    issue       = "5",
    pages       = "3112-3125",
    year        = 2005,
};

@inproceedings{Brand_Kashi:12,
  author        = "Kashi, B. and Avrahami, I. and Rosen, J. and Brand, M.",
  title         = "A Bi-Criterion Model for Human ARM Posture Prediction.",
  booktitle     = "2012 World Congress on Medical Physics and Biomedical Engineering",
  address       = "Beijing, China",
  month         = May,
  year          = "2012",
  pages         = "1-4",
};

@article{Balafoutis_Lin:95,
  author        = "Z. C. Lin and R. V. Patel and C. A. Balafoutis",
  title         = "Impact reduction for redundant manipulators using augmented impedance control",
  journal       = "J. Robot. Syst.",
  volume        = "12",
  number        = "5",
  month         = May,
  year          = "1995",
  pages         = "301-313"
};

@article{Broderick_Brett:09,
  author        = "H. Brett and C. Doarn and J. Rosen and B. Hannaford and T. J. Broderick",
  title         = "Evaluation of Unmanned Airborne Vehicles and Mobile Robotic Telesurgery in an Extreme Environment",
  journal       = "Telemedicine and e-Health",
  volume        = "14",
  number        = "6",
  month         = Jul,
  year          = "2008",
  pages         = "534-544",
};


@Book{Bordons_Camacho:04,
    author      = "E. F. Camacho and C. Bordons",
    title       = "Model predictive control",
    publisher   = "Springer-verlag London Limited",
    year        = 2004,
};

@Book{Bobath:90,
    author      = "B. Bobath",
    title       = "Adult hemiplegia: evaluation and treatment. 3rd ed",
    publisher   = "Oxford: Butterworth-Heinemann",
    year        = 1990,
};



@article{Burns_Joel:07,
  author        = "Joel C. Perry and J. Rosen and S. Burns",
  title         = "Upper-limb powered exoskeleton design",
  journal       = "Mechatronics",
  volume        = "12",
  number        = "4",
  year          = "2007",
  pages         = "408-417",
};
@article{Badler_Tolani:00,
  author        = "D. Tolani and A. Goswami and N. I. Badler",
  title         = "Real-Time Inverse Kinematics Techniques for Anthropomorphic Limbs",
  journal       = "Graphical Models and Image Processing",
  volume        = "62",
  month         = Sep,
  number        = "5",
  year          = "2000",
  pages         = "353-388",
};

@article{Bicchi:95,
  author        = "Bicchi, A.",
  title         = "On the mobility and manipulability of general multiple limb robots",
  journal       = "IEEE Journal of Robotics and Automation",
  volume        = "11",
  number        = "2",
  year          = "1995",
  pages         = "215-228",
};

@article{Bullock_Cisek:98,
    author      = "P. Cisek and S. Grossberg and D. Bullock",
    title       = "A Cortico-Spinal Model of Reaching and Proprioception under Multiple Task Constraints",
    journal     = "J. of Cognitive Neuroscience",
    volume      = "10",
    issue       = "4",
    year        = 1998,
    pages       = "425-444",
};

@inproceedings{Baillieul:86,
  author        = "J. Baillieul",
  title         = "Avoiding Obstacles and resolving kinematic redundancy",
  booktitle     = "IEEE International Conference on Robotics and Automation",
  address       = "San Francisco, CA",
  month         = Apr,
  year          = "1986",
  pages         = "1698-1704"
};

@article{Burdick_Chirikjian:94,
  author        = "G.S. Chirikjian and J.W. Burdick",
  title         = "A modal approach to hyper-redundant manipulator kinematics",
  journal       = "IEEE Transections on Robotics and Automation",
  volume        = "10",
  number        = "3",
  month         = Jun,
  year          = "1994",
  pages         = "343-354"
};

@article{Bulter_Tesar:89,
  author        = "D. Tesar and M.S. Bulter",
  title         = "a generalized modular architecture for robot structure",
  journal       = "ASME Manufacturing Review",
  volume        = "2",
  number        = "2",
  month         = Jun,
  year          = "1989",
  pages         = "91-118"
};

@article{Brenner_Smeets:99,
    author      = "Smeets, J.B. and Brenner, E.",
    title       = "A new view on grasping",
    journal     = "Motor Control",
    volume      = "3",
    year        = 1999,
    pages       = "237-271",
};

@Book{Bernstein:67,
    author      = "Bernstein, N.A.",
    title       = "The coordination and regulation of movements",
    publisher   = "Oxford, New York: Pergamon Press",
    year        = "1967",
};
%============================
% C
%============================

@Book{Cohen:88,
    author      = "Cohen, J.",
    title       = "Statistical power analysis for the behavioral sciences",
    publisher   = "Routledge; 2nd edition",
    year        = "1988",
};



@article{Chung_Park:01,
        author  = "Park, HK and Hong, HS and Kwon, HJ and Chung, MJ",
        title   = "A nursing robot system for the elderly and the disabled",
        journal = "International Journal of Human-friendly Welfare Robotic Systems (HWRS)",
        volume  = "2",
        number  = "4",
        pages   = "11-16",
        year    = "2001",
};

@inproceedings{Croft_Chan:12,
  author        = "Chan, W.P. and Parker, C.A.C. and Van der Loos, H.F.M. and Croft, E.A.",
  title         = "Grip forces and load forces in handovers: Implications for designing human-robot handover controllers ",
  booktitle     = "HRI 2012",
  address       = "Boston, MA, USA",
  year          = "2012",
  pages         = "9-16"
};

@inproceedings{Croft_Moon:14,
  author        = "Moon, A. and Troniak, D.M. and Gleeson, B. and Pan, M. and Zheng, M. and Blumer, B.A. and MacLean, K. and Croft, E.",
  title         = "Meet me where i'm gazing: how shared attention gaze affects human-robot handover timing",
  booktitle     = "HRI 2014",
  address       = "New York, USA",
  year          = "2014",
  pages         = "334-341"
};

@article{Croft_Chan:13,
        author  = "Chan, W.P. and Parker, C. AC and Van der Loos, HF. M. and Croft, E.A.",
        title   = "A human-inspired object handover controller.",
        journal = "The International Journal of Robotics Research",
        volume  = "32",
        number  = "8",
        pages   = "971-983",
        month   = Jul,
        year    = "2013",
};


@article{Caselli_Aleotti:14,
        author  = "J. Aleotti and V. Micelli and S. Caselli",
        title   = "An Affordance Sensitive System for Robot to Human Object Handover.",
        journal = "International Journal of Social Robotics",
        volume  = "6",
        number  = "4",
        pages   = "653-666",
        month   = Nov,
        year    = "2014",
};

@inproceedings{Caselli_Aleotti:12,
  author        = "Aleotti, J. and Micelli, V. and Caselli, S",
  title         = "Comfortable robot to human object hand-over.",
  booktitle     = "2012 IEEE RO-MAN",
  address       = "Paris, France",
  month         = Sep,
  year          = "2012",
  pages         = "771-776"
};



@article{CardosodeOliveira:02,
        author  = "Cardoso de Oliveira, S.",
        title   = "The neuronal basis of bimanual coordination: recent neurophysiological evidence and functional models.",
        journal = "Acta Psychol (Amst)",
        volume  = "110",
        number  = "2-3",
        pages   = "139-59",
        year    = "2002",
};

@article{Cohen_Murase:04,
        author  = "Murase, N and Duque, J and Mazzocchio, R and Cohen, LG.",
        title   = "Influence of interhemispheric interactions on motor function in chronic stroke.",
        journal = "Ann Neurol.",
        volume  = "55",
        number  = "3",
        pages   = "400-9",
        year    = "2004",
}


@article{Cramer:08,
        author  = "Cramer, SC.",
        title   = "Repairing the human brain after stroke: I. Mechanisms of spontaneous recovery.",
        journal = "Ann Neurol.",
        volume  = "63",
        number  = "3",
        pages   = "272-87",
        year    = "2008",
}


@article{Corcos_Stoykov:09,
        author  = "Stoykov, ME and Corcos, DM.",
        title   = "A review of bilateral training for upper extremity hemiparesis.",
        journal = "Occup Ther Int.",
        volume  = "16",
        number  = "3-4",
        pages   = "190-203",
        year    = "2009",
}

@article{Caldwell_Tsagarakis:03,
        author  = "N.G. Tsagarakis and Darwin G. Caldwell",
        title   = "Development and Control of a 'Soft-Actuated' Exoskeleton for Use in Physiotherapy and Training",
        journal = "Auton Robot",
        volume  = "15",
        number  = "1",
        pages   = "21-33",
        year    = "2003",
}

@article{Carson:95,
  author        = "Carson, RG.",
  title         = "The dynamics of isometric bimanual coordination.",
  journal       = "Exp Brain Res.",
  volume        = "105",
  number        = "3",
  year          = "1995",
  pages         = "465-76"
};

@article{Cattaert_Semjen:95,
  author        = "Semjen, A. and Summers, J.J. and Cattaert, D. ",
  title         = "Hand coordination in bimanual circle drawing. ",
  journal       = "J. Experimental Psychology",
  volume        = "21",
  number        = "5",
  month         = Oct,
  year          = "1995",
  pages         = "1139-1157"
};


@article{Carson_Byblow:99,
  author        = "Byblow, WD and Summers, JJ and Semjen, A and Wuyts, IJ and Carson, RG.",
  title         = "Spontaneous and intentional pattern switching in a multisegmental bimanual coordination task",
  journal       = "Motor Control",
  volume        = "3",
  number        = "4",
  month         = Oct,
  year          = "1999",
  pages         = "372-393"
};

@article{Chiu:88,
  author        = "S. L. Chiu",
  title         = "Task compatibility of manipulator postures",
  journal       = "Int. J. of Robotics Research",
  volume        = "7",
  number        = "5",
  month         = Oct,
  year          = "1988",
  pages         = "13-21"
};

@article{Colbaugh_Seraji:90,
    author      = "H. Seraji and R. Colbaugh",
    title       = "Improved configuration control for redundant robots",
    journal     = "J. of Robotic Systems",
    volume      = "7",
    issue       = "6",
    pages       = "897-928",
    year        = 1990,
};

@article{Cohen:71,
    author      = "L. Cohen",
    title       = "Synchronous bimanual movements performed by homologous and non-homologous muscles",
    journal     = "Perceptual and Motor Skills",
    volume      = "32",
    issue       = "2",
    pages       = "639-644",
    year        = 1971,
};


@Book{Corcos_Newell:93,
    author      = "Newell, K.M. and Corcos, D.M.",
    title       = "Variability and Motor Control",
    publisher   = "Human Kinetics",
    year        =1993,
};

@article{Cheng_Loeb:99,
  author        = "Loeb, G.E. and Brown, I.E. and Cheng, E.J.",
  title         = "A hierarchical foundation for models of sensorimotor control",
  journal       = "Experimental Brain Research",
  volume        = "126",
  number        = "1",
  year          = "1999",
  pages         = "1-18",
};


@inproceedings{Chladek_Wu:92,
  author        = "E. Wu and J. Hwang and J. Chladek",
  title         = "Fault tolerant joint development for the space shuttle remote manipulator system: Analysis and experiment",
  booktitle     = "Proc. 4th Int. Symp. Robot. Manufact. (ISRAM¡¯92)",
  address       = "Sante Fe, NM",
  month         = Nov,
  year          = "1992",
  pages         = "505-510"
};

@article{Craig_Salisbury:82,
  author        = "J. K. Salisbury and J. J. Craig",
  title         = "Articulated hands: force control and kinematic issues",
  journal       = "Int. J. of Robotics Research",
  volume        = "1",
  number        = "1",
  year          = "1982",
  pages         = "4-17"
};


@article{Colbaugh_Seraji:90,
    author      = "H. Seraji and R. Colbaugh",
    title       = "Improved configuration control for redundant robots",
    journal     = "J. of Robotic Systems",
    volume      = "7",
    issue       = "6",
    pages       = "897-928",
    year        = 1990,
};

@inbook{Craig:03,
  author        = "J.J. Craig",
  title         = "Introduction to Robotics: Mechanics and Control, 3rd edition",
  publisher     = "Prentice Hall",
  year          = "2003",
  chapter       = "1",
};



%============================
% D
%============================

@incollection{Dillmann_Billard:16,
  author        = "Billard, Aude and Calinon, Sylvain and Dillmann, Ruediger",
  title         = "Learning from human",
  booktitle     = "Springer handbook of robotics",
  year          = "2016",
  pages         = "1995-2014"
};

@article{Donders:1848,
  author        = "Donders, F.C.",
  title         = "Beitrag zur Lehre von den Bewegungen des menschlichen Auges.",
  journal       = "Hollondischen Beitrage zu den anatomischen und physiologischen Wissenschaften",
  volume        = "I",
  year          = "1848",
  pages         = "104-145"
};


@article{Davies_Jakopec:03,
  author        = "Jakopec, Matjaz and Harris, Simon J and Gomes, Paula and Cobb, Justin and Davies, Brian L",
  title         = "The hands-on orthopaedic robot ``Acrobot'': Early clinical trials of total knee replacement surgery",
  journal       = "IEEE Transactions on Robotics",
  volume        = "19",
  number        = "5",
  year          = "2003",
  pages         = "902-911"
};


@Inproceedings{Dombre_Maillet:05,
    author      = "Maillet, Pierre and Nahum, Bertin and Blondel, Lucien and Poignet, Philippe and Dombre, Etienne",
    title       = "BRIGIT, a robotized tool guide for orthopedic surgery",
    booktitle   = "ICRA 2005",
    pages       = "211-216",
    year        = 2005,
};

@article{Diaz_Li:02,
  author        = "Li, Qing Hang and Zamorano, Lucia and Pandya, Abhilash and Perez, Ramiro and Gong, Jianxing and Diaz, Fernando",
  title         = "The application accuracy of the NeuroMate robot¡ªA quantitative comparison with frameless and frame-based surgical localization systems",
  journal       = "Computer Aided Surgery",
  volume        = "7",
  number        = "2",
  year          = "2002",
  pages         = "90-98"
};

@incollection{Dario-Menciassi:11,
  author        = "Menciassi, Arianna and Valdastri, Pietro and Harada, Kanako and Dario, Paolo",
  title         = "Single and multiple robotic capsules for endoluminal diagnosis and surgery",
  booktitle     = "Surgical Robotics",
  year          = "2011",
  pages         = "313-354"
};



@article{Davies_Kanagaratnam:08,
  author        = "Kanagaratnam, Prapa and Koa-Wing, Michael and Wallace, Daniel T and Goldenberg, Alex S and Peters, Nicholas S and Davies, D Wyn",
  title         = "Coupled bilateral movements and active neuromuscular stimulation: intralimb transfer evidence during bimanual aiming.",
  journal       = "Journal of Interventional Cardiac Electrophysiology",
  volume        = "21",
  number        = "1",
  year          = "2008",
  pages         = "19-26"
};


@article{Duley_Cauraugh:05,
  author        = "Cauraugh, JH and Kim, SB and Duley, A.",
  title         = "Coupled bilateral movements and active neuromuscular stimulation: intralimb transfer evidence during bimanual aiming.",
  journal       = "Neurosci Lett.",
  volume        = "382",
  number        = "1-2",
  year          = "2005",
  pages         = "39-44"
};

@article{Daelman_Swinnen:95,
  author        = "Swinnen, SP and Dounskaia, N and Verschueren, S and Serrien, DJ and Daelman, A.",
  title         = "Relative phase destabilization during interlimb coordination: the disruptive role of kinesthetic afferences induced by passive movement.",
  journal       = "Exp Brain Res.",
  volume        = "105",
  number        = "3",
  year          = "1995",
  pages         = "439-54"
};

@article{Reinkensmeyer_Secoli:11,
  author        = "R. Secoli and M. H. Milot and G. Rosati and D. Reinkensmeyer",
  title         = "Effect of visual distraction and auditory feedback on patient effort during robot-assisted movement training after stroke.",
  journal       = "J. Neuroengineering and Rehabilitation",
  volume        = "8",
  number        = "21",
  year          = "2011",
};

@article{Drummond_Dounskaia:10,
  author        = "Dounskaia, N and Nogueira, KG and Swinnen, SP and Drummond, E.",
  title         = "Limitations on coupling of bimanual movements caused by arm dominance: when the muscle homology principle fails.",
  journal       = "J. Neurophysiol.",
  volume        = "103",
  number        = "4",
  month         = Apr,
  year          = "2010",
  pages         = "2027-38"
};

@article{Dounskaia_Walter:02,
  author        = "Walter, CB and Swinnen, SP and Dounskaia, NV.",
  title         = "Generation of bimanual trajectories of disparate eccentricity: levels of interference and spontaneous changes over practice.",
  journal       = "J Mot Behav.",
  volume        = "34",
  number        = "2",
  month         = Jun,
  year          = "2002",
  pages         = "183-95"
};



@article{Dubey_Luh:88,
  author        = "R. Dubey and J. Y. S. Luh",
  title         = "Redundant robot control using task based performance measures",
  journal       = "J. Robot. Syst.",
  volume        = "5",
  number        = "5",
  month         = Mar,
  year          = "1988",
  pages         = "409-432"
};

@Book{Dombre_Khalil:04,
    author      = "W. Khalil and E. Dombre",
    title       = "Modeling, Identification and Control of Robots",
    publisher   = "Kogan Page Science",
    year        = "2004",
};
@Inproceedings{Donelan_Li:08,
    author      = "Li, Q. and Naing, V. and Hoffer, J.A. and Weber, D.J. and Kuo, A.D. and Donelan, J.M.",
    title       = "Biomechanical energy harvesting: Apparatus and method",
    booktitle   = "ICRA 2008",
    address     = "Pasadena, CA",
    pages       = "3672-3677",
    year        = 2008,
};

@article{Donelan_Li:09,
    author      = "Li, Q. and Naing, V. and Donelan, J. M.",
    title       = "Development of a biomechanical energy harvester",
    journal     = "J. of Neuroengineering and Rehabilitation",
    volume      = "6",
    issue       = "22",
    year        = 2009,
};

%============================
% E
%============================



@article{Ebner_Mason:01,
    author      = "Mason, CR and Gomez, JE and Ebner, TJ",
    title       = "Hand synergies during reach-to-grasp.",
    journal     = "J Neurophysiol.",
    volume      = "86",
    number      = "6",
    issue       = "2896-910",
    year        = 2001,
};

@inproceedings{Ebert-Uphoff_Voglewede:04,
  author        = "P.A. Voglewede and I. Ebert-Uphoff",
  title         = "Measuring closeness to singularities for parallel manipulators",
  booktitle     = "ICRA",
  month         = Mar,
  volume        = "5",
  year          = "2004",
  pages         = "4539-4544"
};


%============================
% F
%============================


@inproceedings{Forlizzi_Cakmak:11,
  author        = "Cakmak, M. and Srinivasa, S. and Lee, M. K. and Kiesler, Sara. and Forlizzi, J.",
  title         = "Using spatial and temporal contrast for fluent robot-human hand-overs.",
  booktitle     = "HRI 2011",
  month         = Mar,
  volume        = "5",
  year          = "2011",
  pages         = "489-496"
};



@article{Fonseca_Turvey:09,
    author      = "Turvey, MT and Fonseca, S.",
    title       = "Nature of motor control: perspectives and issues.",
    journal     = "Adv Exp Med Biol.",
    volume      = "629",
    year        = "2009",
    pages       = "93-123"
};

@article{Fung_Norouzi-Gheidari:93,
    author      = "Norouzi-Gheidari, N and Archambault, PS and Fung, J.",
    title       = "Effects of robot-assisted therapy on stroke rehabilitation in upper limbs: systematic review and meta-analysis of the literature.",
    journal     = "J Rehabil Res Dev.",
    volume      = "49",
    issue       = "4",
    year        = "2012",
    pages       = "479-96"
};

@article{Ford_Summers:93,
    author      = "Summers, JJ and Rosenbaum, DA and Burns, BD and Ford, SK.",
    title       = "Production of polyrhythms.",
    journal     = "J Exp Psychol Hum Percept Perform.",
    volume      = "19",
    issue       = "2",
    year        = "1993",
    pages       = "416-28"
};


@article{Fu_Wu:09,
    author      = "Wu, CY and Chou, SH and Chen, CL and Kuo, MY and Lu, TW and Fu, YC.",
    title       = "Kinematic analysis of a functional and sequential bimanual task in patients with left hemiparesis: intra-limb and interlimb coordination",
    journal     = "Disabil Rehabil.",
    volume      = "31",
    issue       = "12",
    year        = "2009",
    pages       = "958-66"
};


@article{Flash_Biess:07,
    author      = "Biess, A. and Liebermann, D.G. and Flash, T.",
    title       = "A computational model for redundant human three-dimensional pointing movements: integration of independent spatial and temporal motor plans simplifies movement dynamics.",
    journal     = "J. of Neurosci.",
    volume      = "27",
    issue       = "48",
    year        = "2007",
    pages       = "13045-64"
};

@Book{Falkenberg:92,
    author      = "S. L. Roberts and S. K. Falkenberg",
    title       = "Biomechanics: Problem Solving for Functional Activity",
    publisher   = "St. Louis: Mosby, United States",
    year        = "1992",
};

@Incollection{Forssberg:09,
    author      = "B. Vollmer and H. Forssberg",
    title       = "Development of grasping and object manipulation",
    booktitle   = "Sensorimotor Control of Grasping: Physiology and Pathophysiology",
    editor      = "D. A. Nowak and J. Hermsdorfer",
    publisher   = "Cambridge University Press",
    pages       = "178-192",
    year        = "2009",
};

@inproceedings{Fraczek_Morecki:02,
  author        = "Morecki, A and Jaworker, K and Pogorzelski, W and Zielinska, T and Fraczek, J",
  title         = "Robotics system - Elephant trunk type elastic manipulator combined with a quadruped walking machine ",
  booktitle     = "Proc. of the Second International Conference on Robotics and Factories of the Future",
  address       = "San Diego, CA",
  month         = Jul,
  year          = "1987",
  pages         = "649-656"
};
@article{Flanders_Soechting:93,
  author        = "Soechting, J.F. and Flanders, M.",
  title         = "Parallel, interdependent channels for location and orientation in sensorimotor transformations for reaching and grasping",
  journal       = "J. of Neurophysiology",
  volume        = "70",
  number        = "3",
  year          = "1993",
  pages         = "1137-1150"
};

@article{Flanders_Soechiting:95,
  author        = "Soechting, J.F. and Buneo, C.A. and Herrmann, U. and Flanders, M.",
  title         = "Moving effortlessly in three dimensions: does Donders' law apply to arm movement?",
  journal       = "J. Neuroscience",
  volume        = "15",
  number        = "9",
  year          = "1995",
  pages         = "6271-6280"
};


@article{Frackowiak_Seymour:04,
    author      = "B. Seymour and J.P. O'Doherty and P. Dayan and M. Koltzenburg and A.K. Jones and R.J. Dolan and K.J. Friston and R.S. Frackowiak",
    title       = "Temporal difference models describe higher-order learning in humans",
    journal     = "Nature",
    volume      = "429",
    year        = 2004,
    pages       = "664-667",
};
@article{Forssberg_Nashner:86,
    author      = "L. M. Nashner and H. Forssberg",
    title       = "Phase-dependent organization of postural adjustments associated with arm movements while walking",
    journal     = "J. of Neurophysiology",
    volume      = "55",
    issue       = "6",
    year        = 1986,
    pages       = "1382-1394",
};
@article{Forssberg_Hirschfeld:91,
    author      = "H. Hirschfeld and H. Forssberg",
    title       = "Phase-dependent modulations of anticipatory postural activity during human locomotion",
    journal     = "J. of Neurophysiology",
    volume      = "66",
    issue       = "1",
    year        = 1991,
    pages       = "112-119",
};

@article{Fitts:54,
  author        = "P. M. Fitts",
  title         = "The information capacity of the human motor system in controlling the amplitude of movement",
  journal       = "J. Experimental Psychology",
  volume        = "47",
  year          = "1954",
};

@article{Flash:87,
  author        = "T. Flash",
  title         = "The control of hand equilibrium trajectories in multi-joint arm movements",
  journal       = "Biology Cybernetics",
  volume        = "57",
  number        = "4-5",
  year          = "1987",
  pages         = "257-274",
};

@article{Field_Olshausen:96,
  author        = "B. A. Olshausen and D. J. Field",
  title         = "Emergence of simple-cell receptive field properties by learning a sparse code for natural images",
  journal       = "Nature",
  volume        = "381",
  year          = "1996",
  pages         = "607-609",
};

%============================
% G
%============================

@article{Glasauer_Basili:09,
    author      = "Basili, P. and Huber, M. and Brandt, M. and Hirche, S. and Glasauer, S.",
    title       = "Computational principles of movement neuroscience.",
    journal     = "Human Centered Robot Systems Cognitive Systems Monographs",
    volume      = "6",
    pages       = "151-160",
    year        = 2009,
};

@inproceedings{Goodrich_Crandall:01,
  author        = "Crandall, J.W. and Goodrich, M.A.",
  title         = "Experiments in adjustable autonomy",
  booktitle     = "Proceedings of IJCAI Workshop on Autonomy, Delegation and Control: Interacting with Intelligent Agents",
  address       = "Tucson, AZ, USA",
  month         = Jun,
  year          = "2001",
  pages         = "1624-1629",
};

@inproceedings{Glasauer_Huber:10,
  author        = "Huber, M. and others",
  title         = "When to assist? - Modelling human behaviour for hybrid assembly systems",
  booktitle     = "ROBOTIK",
  address       = "Munich, Germany",
  month         = Jun,
  year          = "2010",
  pages         = "1-6",
};

%   author        = "Huber, M. and Knoll, A. and Brandt, T. and Glasauer, S.",

@inproceedings{Glasauer_Huber:08,
  author        = "Huber, M. and Radrich, H. and Rickert, M. and Knoll, A. and Brandt, T. and Glasauer, S.",
  title         = "Human-robot interaction in handing-over tasks.",
  booktitle     = "RO-MAN 2008",
  address       = "Munich, Germany",
  month         = Aug,
  year          = "2008",
  pages         = "107-112",
};


@inproceedings{Glasauer_Huber:09,
  author        = "Huber, M. and Radrich, H. and Wendt, C. and Rickert, M. and Knoll, A. and Brandt, T. and Glasauer, S.",
  title         = "Evaluation of a novel biologically inspired trajectory generator in human-robot interaction.",
  booktitle     = "RO-MAN 2009",
  address       = "Toyama, Japan",
  month         = Sep,
  year          = "2009",
  pages         = "639-644",
};

@article{Ghahramani_Wolpert:00,
    author      = "Wolpert, DM and Ghahramani, Z.",
    title       = "Computational principles of movement neuroscience.",
    journal     = "Nat Neurosci.",
    volume      = "Suppl.",
    pages       = "1212-1217",
    year        = 2000,
};

@article{Goldberg:85,
    author      = "G. Goldberg",
    title       = "Supplementary motor area structure and function: Review and hypotheses",
    journal     = "Behavioral and Brain Sciences",
    volume      = "8",
    issue       = "1985",
    pages       = "567-616",
    year        = 1985,
};

@article{Goodman_Kelso:79,
    author      = "J. Kelso and D.L. Southard and D. Goodman",
    title       = "On the coordination of two-handed movements",
    journal     = "J. Exp. Psychology",
    volume      = "5",
    issue       = "2",
    pages       = "229-238",
    year        = 1979,
};


@article{Glass_Colbaugh:89,
  author        = "R. Colbaugh and H. Seraji and K. Glass",
  title         = "Obstacle avoidance of redundant robots using configuration control",
  journal       = "Int. J. of Robotics Research",
  volume        = "6",
  number        = "6",
  month         = Jul,
  year          = "1989",
  pages         = "721-744"
};

@article{Guo_Kazerooni:93,
    author      = "Kazerooni, H. and Guo, J.",
    title       = "Human Extenders",
    journal     = "ASME Journal of Dynamic Systems, Measurement, and Control",
    volume      = "115",
    issue       = "2B",
    year        = 1995,
    pages       = "281-290",
};


@inproceedings{Granito_Asada:85,
  author        = "H. Asada and  J. Granito",
  title         = "Kinematic and static characterization of wrist joints and their optimal design",
  booktitle     = "IEEE International Conference on Robotics and Automation",
  address       = "St. Louis, Missouri",
  month         = Mar,
  year          = "1985",
  pages         = "244-250"
};

@Book{Grieve_Tyldesley:02,
    author      = "B. Tyldesley and J. Grieve",
    title       = "Muscles, Nerves and Movement: In Human Occupation, 3rd Edition",
    publisher   = "Wiley-Blackwell",
    year        = "2002",
};

@Book{Grillner:99,
    author      = "G. N. Orlovskii and T. G. Deliagina and S. Grillner",
    title       = "Neuronal control of locomotion: from mollusc to man",
    publisher   = "Oxford University Press",
    year        = "1999",
};

@article{Ghez_Gordon:94,
  author        = "J. Gordon and M. F. Ghilardi and C. Ghez",
  title         = "Accuracy of planar reaching movements",
  journal       = "Experimental Brain Research",
  volume        = "99",
  number        = "1",
  year          = "1994",
  pages         = "97-111",
};


@article{Giszter_Bizzi:92,
    author      = "Bizzi, E. and Hogan, N. and Mussa-ivaldi F. A. and Giszter, S.",
    title       = "Does the nervous system use equilibrium-point control to guide single and multiple joint movements ?",
    journal     = "J. of Behavioral and brain sciences",
    volume      = "15",
    issue       = "4",
    year        = 1992,
    pages       = "603-613",
};

@article{Gielen:09,
  author        = "Gielen, S.",
  title         = "Review of models for the generation of multi-joint movements in 3-D",
  journal       = "Advances in experimental medicine and biology, Progress in Motor Control",
  volume        = "629",
  year          = "2009",
  pages         = "6523-6550"
};

@Inproceedings{Ghahramani_Todorov:03,
    author      = "Todorov, E. and Ghahramani, Z.",
    title       = "Unsupervised learning of sensory-motor primitives",
    booktitle   = "EMBS 2003",
    volume      = "2",
    pages       = "1750-1753",
    year        = 2003,
};

@article{Gielen_Hermens:04,
    author      = "Hermens, F. and Gielen, S.",
    title       = "Posture-based or trajectory-based movement planning: a comparison of direct and indirect pointing movements.",
    journal     = "Experimental brain research",
    volume      = "159",
    number      = "3",
    year        = 2004,
    pages       = "340-348",
};


@article{Grossberga_Bullock:93,
    author      = "D. Bullock and S. Grossberga",
    title       = "Neural Dynamics of Planned Arm Movements: Emergent Invariants and Speed-Accuracy Properties During Trajectory Formation",
    journal     = "Psychological Review",
    volume      = "95",
    issue       = "1",
    year        = 1988,
    pages       = "49-90",
};
@article{Ghilardi_Ghez:95,
    author      = "C. Ghez and J. Gordon and M. F. Ghilardi",
    title       = "Impairments of reaching movements in patients without proprioception. II. Effects of visual information on accuracy",
    journal     = "J. of Neurophysiology",
    volume      = "73",
    issue       = "1",
    year        = 1995,
    pages       = "1361-1372",
};

@article{Gilmer_Chin:09,
    author      = "R. Chin and E.T. Hsiao-Wecksler and E. Loth and G. Kogler and S.D. Manwaring and S.N. Tyson and K. A. Shorter and J.N. Gilmer",
    title       = "A pneumatic power harvesting ankle-foot orthosis to prevent foot-drop",
    journal     = "J. of Neuroengineering and Rehabilitation",
    volume      = "6",
    issue       = "19",
    year        = 2009,
};
@article{Gielen_Medendorp:00,
  author        = "W. P. Medendorp and J. D. Crawford and D.Y.P. Henriques and J.A.M. Van Gisbergen and C.C.A.M. Gielen",
  title         = "Kinematic Strategies for Upper Arm-Forearm Coordination in Three Dimensions",
  journal       = "J. Neurophysiology",
  volume        = "84",
  number        = "5",
  year          = "2000",
  pages         = "2302-2316"
};


%============================
% H
%============================


@inproceedings{Hauser_Li_TRINA:17,
  author        = "Li, Z. and Moran, P. and Dong, Q. and Shaw, R. and Hauser, K.",
  title         = "Development of a Tele-Nursing Mobile Manipulator for Remote Care-giving in Quarantine Areas",
  booktitle     = "IEEE Int. Conf. Robotics and Automation",
  pages         = "1986--1993",
  address       = "Singapore",
  year          = "2017"
};

@inproceedings{Hauser_Li_BiTelepresence:17,
  author        = "Li, J. and Li, Z. and Hauser, K.",
  title         = "A Study of Bidirectionally Telepresent Tele-action During Robot-Mediated Handover",
  booktitle     = "IEEE Int. Conf. Robotics and Automation",
  pages         = "2890--2896",
  address       = "Singapore",
  year          = "2017"
};

@article{Hsiao_Sachin:2012,
    author      = "C., Sachin and E. G. Jones and M. Ciocarlie and K. Hsiao",
    title       = "Perception, planning, and execution for mobile manipulation in unstructured environments.",
    journal     = "IEEE Robotics and Automation Magazine, Special Issue on Mobile Manipulation",
    volume      = "19",
    issue       = "2",
    year        = 2012,
    pages       = "58-71",
};

@Inproceedings{Hauser_Eilering:14,
    author      = "Eilering, A and Franchi, G and Hauser, K",
    title       = "ROBOPuppet: Low-cost, 3D printed miniatures for teleoperating full-size robots",
    booktitle   = "International Conference on Intelligent Robots and Systems (IROS)",
    pages       = "1248-1254",
    year        = 2014,
};


@article{Hancock-Adler:97,
  author        = "Adler Jr, John R and Chang, SD and Murphy, MJ and Doty, J and Geis, P and Hancock, SL",
  title         = "The Cyberknife: a frameless robotic system for radiosurgery",
  journal       = "Stereotactic and functional neurosurgery",
  volume        = "69",
  number        = "1-4",
  pages         = "124-128",
  year          = "1997",
};





@Inproceedings{Hada_Nagatani:11,
    author      = "Nagatani, K. and others",
    title       = "Redesign of rescue mobile robot Quince",
    booktitle   = "IEEE International Symposium on Safety, Security, and Rescue Robotics",
    volume      = "2",
    pages       = "13-18",
    year        = 2011,
};

%    author      = "Nagatani, K. and Kiribayashi, S. and Okada, Y. and Tadokoro, S. and Nishimura, T. and Yoshida, T. and Koyanagi, E. and Hada, Y.",

@Incollection{Hannaford_Rosen_chap:11,
    author      = "J. Rosen and M. Lum and M. Sinanan and B. Hannaford",
    title       = "Raven: Developing a Surgical Robot from a Concept to a Transatlantic Teleoperation Experiment",
    booktitle   = "Surgical Robotics, Systems, Applications, and Visions, 1st edition",
    editor      = "R. M. Satava",
    publisher   = "Springer",
    pages       = "159-197",
    year        = 2011,
};

@article{He_Li:10,
  author        = "J. Li and S. Wang and X. Wang and C. He",
  title         = "Optimization of a novel mechanism for a minimally invasive surgery robot",
  journal       = "Int. Journal Medicine Robotics Computer Assist Surgery",
  volume        = "6",
  year          = "2010",
  pages         = "83-90",
};


@article{Homberg_Netz:97,
    author      = "Netz, J and Lammers, T and Homberg, V.",
    title       = "Reorganization of motor output in the non-affected hemisphere after stroke.",
    journal     = "Brain",
    vol         = "120",
    number      = "Pt9",
    pages       = "1579-86",
    year        = "1997",
};

@Incollection{Hodgins_Raibert:93,
    author      = "Raibert, M. H. and Hodgins, J. K.",
    title       = "Legged robots",
    booktitle   = "Biological Neural Networks in Invertebrate Neuroethology and Robotics",
    editor      = "Randall D. Beer and Thomas McKenna and Roy Ritzmann",
    publisher   = "Elsevier Science \& Technology Books",
    pages       = "319-354",
    year        = "1993",
};


@Book{Hudspeth_Kandel:12,
    author      = "Eric R. Kandel and James H. Schwartz and Thomas M. Jessell and Steven A. Siegelbaum and A. J. Hudspeth",
    title       = "Principles of Neural Science",
    publisher   = "McGraw-Hill Professional; 5th edition",
    year        = "2012",
};


@Book{Hermsdorfer_Nowak:09,
    author      = "D. A. Nowak and J. Hermsdorfer",
    title       = "Sensorimotor Control of Grasping: Physiology and Pathophysiology",
    publisher   = "Cambridge University Press",
    year        = "2009",
};

@article{Hogan_Krebs:07,
    author      = "Hermano I Krebs and Neville Hogan and Mindy L. Aisen and Bruce T. Volpe",
    title       = "Robot-aided neurorehabilitation: a robot for wrist rehabilitation.",
    journal     = "IEEE Trans Neural Syst Rehabil Eng.",
    vol         = "15",
    number      = "3",
    pages       = "327-35",
    year        = "2007",
};


@article{Hogan_Krebs:04,
    author      = "Hermano I Krebs and Mark Ferraro and Stephen P Buerger and Miranda J Newbery and Antonio Makiyama and Michael Sandmann and Daniel Lynch and Bruce T Volpe and Neville Hogan",
    title       = "Rehabilitation robotics: pilot trial of a spatial extension for MIT-Manus",
    journal     = "J. NeuroEngineering and Rehabilitation",
    volume      = "1",
    number      = "5",
    month       = "Oct",
    year        = "2004",
};

@article{Husain_Nachev:08,
    author      = "P. Nachev and C. Kennard and M. Husain",
    title       = "Functional role of the supplementary and pre-supplementary motor areas",
    journal     = "Exp Brain Res.",
    volume      = "9",
    number      = "2008",
    year        = 2008,
    pages       = "856-869",
};

@article{Heuer:07,
    author      = "Heuer, H.",
    title       = "Control of the dominant and nondominant hand: exploitation and taming of nonmuscular forces.",
    journal     = "Exp Brain Res.",
    volume      = "178",
    number      = "3",
    year        = 2007,
    pages       = "363-73",
};

@article{Hogan_Bizzi:84,
    author      = "E. Bizzi and N. Accornero and W. Chapple and N. Hogan",
    title       = "Posture control and trajectory formation during arm movement",
    journal     = "J. of Neuroscience",
    volume      = "4",
    year        = 1984,
    pages       = "2738-2744",
};

@article{Hogan:84,
  author        = "N. Hogan",
  title         = "An organizing principle for a class of voluntary movements",
  journal       = "J. of Neuroscience",
  volume        = "4",
  number        = "2",
  year          = "1984",
  pages         = "2745-2754",
};

@article{Hogan_Flash:85,
    author      = "Flash, T. and Hogan, N.",
    title       = "The coordination of arm movements: an experimentally confirmed mathematical model",
    journal     = "J. of Neurophysiology",
    volume      = "5",
    issue       = "7",
    year        = 1985,
    pages       = "1688-1703",
};

@article{Horn_Anderson:67,
  author        = "V. V. Anderson and R.C. Horn",
  title         = "Tensor-arm manipulator design",
  journal       = "ASME Trans.",
  volume        = "67-DE-57",
  number        = "3",
  year          = "1967",
  pages         = "1-12"
};

@article{Hasan-Ghasemi_Fattah:02,
  author        = "Fattah, A. and Hasan Ghasemi, A.M.",
  title         = "Isotropic Design of Spatial Parallel Manipulators",
  journal       = "Int. J. Robotics Research",
  volume        = "21",
  number        = "9",
  year          = "2002",
  pages         = "811-824"
};


@article{Haustein:89,
  author        = "W. Haustein",
  title         = "Considerations on Listing's Law and the primary position by means of a matrix description of eye position control",
  journal       = "Biol. Cybern.",
  volume        = "60",
  number        = "6",
  year          = "1989",
  pages         = "411-420"
};

@article{Hood_Loeb:01,
    author      = "Loeb, G.E. and Peck, R.A. and Moore, W.H. and Hood, K.",
    title       = "BION system for distributed neural prosthetic interfaces",
    journal     = "Medical engineering \& physics",
    volume      = "23",
    issue       = "1",
    year        = 2001,
    pages       = "9-18",
};


@Book{Helmholtz:10,
    author      = "Helmholtz, H. v.",
    title       = "Handbuch der physiologischen Optik, Band 3",
    publisher   = "Dritte Auflage. Voss, Hamburg Leipzig",
    year        = "1910",
};


@article{Houk_Nichols:76,
    author      = "T. R. Nichols and J. C. Houk",
    title       = "Improvement in linearity and regulation of stiffness that results from actions of stretch reflex",
    journal     = "J. of Neurophysiology",
    volume      = "39",
    issue       = "1",
    year        = 1976,
    pages       = "119-142",
};

@article{Huang_Klein:83,
    author      = "Klein, C. A. and Huang, C.",
    title       = "Review of pseudoinverse control for use with kinematically redundant manipulators ",
    journal     = "IEEE Transactions on Systems, Man, and Cybernetics. ",
    volume      = "SMC",
    issue       = "13",
    year        = 1983,
    pages       = "245-250",
};


@article{Hogan:85,
  author        = "Hogan, N",
  title         = "Impedance control - An approach to manipulation. I-Theory",
  journal       = "ASME, Transactions, Journal of Dynamic Systems, Measurement, and Control ",
  volume        = "107",
  year          = "1985",
  pages         = "1-7",
};


@article{Helms-Tillery_Kang:05,
  author        = "T. Kang and J. He and S. I. Helms Tillery",
  title         = "Determining natural arm configuration along a reaching trajectory",
  journal       = "Exp Brain Res",
  volume        = "167",
  year          = "2005",
  pages         = "352-361",
};


@inproceedings{Hannaford_Rosen:05,
  author        = "Rosen, J. and Perry, J.C. and Manning, N and Burns, S. and Hannaford, B.",
  title         = "The Human Arm Kinematics and Dynamics During Daily Activities - Toward a 7 DOF Upper Limb Powered Exoskeleton",
  booktitle     = "ICRA 2005",
  address       = "Seattle, WA, USA",
  month         = Jul,
  year          = "2005",
  pages         = "532-539",
};


@inproceedings{Hannaford_Lum:08,
  author        = "M.J.H. Lum and D.C.W. Friedman and G. Sankaranarayanan and H. King and A. Wright and M.N. Sinanan and T. Lendvay and J. Rosen and B. Hannaford",
  title         = "Objective Assessment of Telesurgical Robot Systems: Telerobotic FLS",
  booktitle     = "Medicine Meets Virtual Reality (MMVR 16)",
  address       = "Long Beach, CA, USA",
  month         = Jan,
  year          = "2008",
  pages         = "263-265",
};

@inproceedings{Hannaford_Sankaranarayanan:07,
  author        = "G. Sankaranarayanan and B. Hannaford and H. King and S.Y. Ko and M.J.H. Lum and D. Friedman and J. Rosen and B. Hannaford",
  title         = "Portable Surgery Master Station for Mobile Robotic Surgery",
  booktitle     = "Proc. of the 1st International conference on Robot Communication and Coordination",
  address       = "Athens, Greece",
  month         = Oct,
  year          = "2007",
};

@inproceedings{Hannaford_Lum_A:07,
  author        = "M.J.H. Lum and D. Friedman and H. King and R. Donlin and G. Sankaranarayanan and T. Broderick and M. Sinanan and J. Rosen and B. Hannaford",
  title         = "Teleoperation of a Surgical Robot via Airborne Wireless Radio and Transatlantic Internet Links",
  booktitle     = "The 6th International Conference on Field and Service Robotics",
  address       = "Chamonix, France",
  month         = Jul,
  year          = "2007",
};


@inproceedings{Hannaford_Lum_B:07,
  author        = "M.J.H. Lum and J. Rosen and H. King and D.C.W. Friedman and G. Donlin and G. Sankaranarayanan and B. Harnett and L. Huffman and C. Doarn and T. Broderick and B. Hannaford",
  title         = "Telesurgery Via Unmanned Aerial Vehicle (UAV) With a Field Deployable Surgical Robot",
  booktitle     = "MMVR 15",
  address       = "Long Beach, CA, USA",
  month         = Feb,
  year          = "2007",
};

@article{Hannaford_Lum:06,
  author        = "M.J.H. Lum and J. Rosen and M.N. Sinanan and B. Hannaford",
  title         = "Optimization of Spherical Mechanism for a Minimally Invasive Surgical Robot: Theoretical and Experimental Approaches",
  journal       = "IEEE Transactions on Biomedical Engineering",
  volume        = "53",
  number        = "7",
  month         = Jul,
  year          = "2006",
  pages         = "1440-1445",
};

@inproceedings{Hanaford_Lum_A:04,
  author        = "M.J.H. Lum and J. Rosen and M.N. Sinanan and B. Hanaford",
  title         = "Kinematic Optimization of a Spherical Mechanism for a Minimally Invasive Surgical Robot",
  booktitle     = "ICRA 2004",
  address       = "New-Orleans, USA",
  month         = Apr,
  year          = "2004",
  pages         = "829-834",
};


@inproceedings{Hannaford_Lum_B:09,
  author        = "M. J.H. Lum and J. Rosen and H. King and D.C.W. Friedman and T. Lendvay and A. S. Wright and M. N. Sinanan and B. Hannaford",
  title         = "Teleopeartion in Surgical Robotics - Network Latency Effects on Surgical Performance",
  booktitle     = "EMBS 2010",
  address       = "Minneapolis, MN, USA",
  month         = Sep,
  year          = "2009",
  pages         = "6860-6863",
};

@inproceedings{Hannaford_Lum_C:09,
  author        = "M. J.H. Lum and J. Rosen and T. Lendvay and A. S. Wright and M. N. Sinanan and B. Hannaford",
  title         = "TeleRobotic Fundamentals of Laparoscopic Surgery (FLS): Effects of Time Delay - Pilot Study",
  booktitle     = "EMBS 2009",
  address       = "Vancouver, BC, Canada",
  month         = Aug,
  year          = "2008",
  pages         = "5597-5600",
};


@inproceedings{Hannaford_Lum_D:09,
  author        = "M.J.H. Lum and J. Rosen and T. S. Lendvay and M. N. Sinanan and B. Hannaford",
  title         = "Effect of Time Delay on TeleSurgical Performance",
  booktitle     = "ICRA 2009",
  address       = "Kobe, Japan",
  month         = May,
  year          = "2009",
  pages         = "4246-4252",
};

@article{Hanafusa_Nakamura:86,
    author      = "Nakamura, Y. and Hanafusa, H",
    title       = "Inverse Kinematic Solutions With Singularity Robustness for Robot Manipulator Control",
    journal     = "ASME Journal of Dynamic Systems, Measurement, and Control",
    volume      = "108",
    issue       = "3",
    year        = 1986,
    pages       = "163-171",
};
@article{Hsia_Guo:93,
    author      = "Guo, Z.Y. and Hsia, T.C.",
    title       = "Joint trajectory generation for redundant robots in an environment with obstacles",
    journal     = "J. of Robotic Systems",
    volume      = "10",
    issue       = "2",
    year        = 1993,
    pages       = "199-215",
};



@article{Her_Kazerooni:94,
    author      = "Kazerooni, H. and Her, M.",
    title       = "The dynamics and control of a haptic interface device",
    journal     = "IEEE Transactions on Robotics and Automation",
    volume      = "10",
    issue       = "4",
    year        = 1994,
    pages       = "453-464",
};

@article{Harris_Harwood:99,
    author      = "Harwood, M.R. and Mezey, L.E. and Harris, C.M.",
    title       = "The spectral main sequence of human saccades",
    journal     = "J. of Neurophysiology",
    volume      = "19",
    issue       = "20",
    year        = 1999,
    pages       = "9098-9106",
};
@article{Hinton:84,
    author      = "Hinton, G.",
    title       = "Parallel computations for controlling an arm",
    journal     = "J. of Motor Behavior ",
    volume      = "16",
    issue       = "2",
    year        = 1984,
    pages       = "171-194",
};

@article{Houpt_Kazerooni:86,
    author      = "Kazerooni, H. and Sheridan, T. and Houpt, P.",
    title       = "Robust compliant motion for manipulators, part I: The fundamental concepts of compliant motion",
    journal     = "IEEE Trans. Robot. Autom",
    volume      = "2",
    issue       = "2",
    year        = 1986,
    pages       = "83-92",
};



%============================
% I
%============================

@inproceedings{Inaba_Chan_ICRA:14,
  author        = "Chan, W.P. Kumagai, I. and Nozawa, S. and Kakiuchi, Y. and Okada, K. and Inaba, M.",
  title         = "Implementation of a robot-human object handover controller on a compliant underactuated hand using joint position error measurements for grip force and load force estimations ",
  booktitle     = "ICRA 2014",
  address       = "Hongkong, China",
  month         = Jun,
  year          = "2014",
  pages         = "1190-1195"
};

@Misc{Indiegogo,
    author      = "Indiegogo",
    title       = "ORIGIBOT: Remote Telepresence Robot w Gripper",
    url         = "https://www.indiegogo.com/projects/origibot-remote-telepresence-robot-w-gripper/",
    note        = "Accessed May 2016"
};

@inproceedings{Inaba_Chan_IROS:14,
  author        = "Chan, W.P. and Kakiuchi, Y. and Okada, K. and Inaba, M.",
  title         = "Determining proper grasp configurations for handovers through observation of object movement patterns and inter-object interactions during usage",
  booktitle     = "IROS 2014",
  address       = "Chicago, IL",
  month         = Sep,
  year          = "2014",
  pages         = "1355-1360"
};


@inproceedings{Inaba_Chan:13,
  author        = "Chan, W.P. and Kumagai, I. and Nozawa, S. and Kakiuchi, Y. and Okada, K. and Inaba, M.",
  title         = "Creating socially acceptable robots Leaning grasp configurations for object handovers from demonstrations",
  booktitle     = "2013 IEEE Workshop on Advanced Robotics and its Social Impacts (ARSO)",
  address       = "Tokyo, Japan",
  month         = Nov,
  year          = "2013",
  pages         = "94-99"
};




@inproceedings{Ivanescu:02,
  author        = "Ivanescu, M.",
  title         = "Position dynamic control for a tentacle manipulator",
  booktitle     = "Proc. of IEEE International Conference on Robotics and Automation",
  address       = "Washington DC, USA",
  volume        = "2",
  month         = May,
  year          = "2002",
  pages         = "1531-1538"
};


@article{Ijzerman_Prange:06,
  author        = "Prange, GB and Jannink, MJ and Groothuis-Oudshoorn, CG and Hermens, HJ and Ijzerman, MJ.",
  title         = "Systematic review of the effect of robot-aided therapy on recovery of the hemiparetic arm after stroke.",
  journal       = "J Rehabil Res Dev.",
  volume        = "43",
  number        = "2",
  year          = "2006",
  pages         = "171-84",
};


@article{Ijspeert:01,
  author        = "Ijspeert, A.J.",
  title         = "A connectionist central pattern generator for the aquatic and terrestrial gaits of a simulated salamander",
  journal       = "Biological Cybernetics",
  volume        = "84",
  number        = "5",
  year          = "2001",
  pages         = "331-348",
};

@Techreport{Inertia_invest:75,
    author      = "{{Aerospace medical research laboratory}}",
    title       = "Investigation of inertial properties of human body",
    booktitle   = "report",
    month       = "Mar",
    year        = 1975,
}



%============================
% J
%============================



@article{Jin_Yang:02,
  author        = "N. Yang and M. Zhang and C. Huang and D. Jin",
  title         = "Synergic analysis of upper limb target-reaching movements",
  journal       = "J. Biomechanics",
  volume        = "35",
  issue         = "6",
  year          = "2002",
  pages         = "739¨C746",
};


@article{Jorntell_Santello:13,
  author        = "Santello, M. and Baud-Bovy, G. and Jorntell, H.",
  title         = "Neural bases of hand synergies",
  journal       = "Frontiers in Computational Neuroscience",
  volume        = "7",
  year          = "2013",
  pages         = "83-90",
};


@article{Jaynes:57,
    author      = "Jaynes, E. T.",
    title       = "Information Theory and Statistical Mechanics",
    journal     = "Phys. Rev.",
    volume      = "106",
    year        = "1957",
    pages       = "620-630",
};

@article{Jamshidi_Colbaugh:92,
  author        = "R. Colbaugh and M. Jamshidi",
  title         = "Robot manipulator control for hazardous waste-handling applications",
  journal       = "J. Robot. Syst.",
  volume        = "9",
  number        = "2",
  year          = "1992",
  pages         = "215-250"
};

@inproceedings{Jeannerod:81,
    author      = "M. Jeannerod",
    title       = "Intersegmental Coordination During Reaching at Natural Visual Objects.",
    booktitle   = "Long J, Baddeley A (eds) Attention and performance X. Erlbaum, Hillsdale",
    page        = "153-169",
    address     = "USA",
    year        = "1981"
};


@article{Jeannerod:84,
  author        = "M. Jeannerod",
  title         = "The timing of natural prehension movements.",
  journal       = "J. Neurophysiology",
  volume        = "16",
  number        = "3",
  year          = "1984",
  pages         = "235-254"
};

@article{Jeannerod:86,
  author        = "M. Jeannerod",
  title         = "The formation of finger grip during prehension. A cortically mediated visuomotor pattern.",
  journal       = "Behav. Brain. Res.",
  volume        = "19",
  number        = "2",
  year          = "1986",
  pages         = "99-116"
};

@article{Jordan_Todorov:02,
  author        = "E. Todorov and M. I. Jordan",
  title         = "Optimal feedback control as a theory of motor coordination",
  journal       = "Nature Neuroscience ",
  volume        = "5",
  year          = "2002",
  pages         = "1226-1235",
};


@Incollection{Jeannerod:09,
    author      = "M. Jeannerod",
    title       = "The study of hand movements during grasping: a historical perspective",
    booktitle   = "Sensorimotor Control of Grasping: Physiology and Pathophysiology",
    editor      = "D. A. Nowak and J. Hermsdorfer",
    publisher   = "Cambridge University Press",
    pages       = "127-140",
    year        = "2009",
};

@article{Jordan_Todorov:98,
    author      = "E. Todorov and M.I. Jordan",
    title       = "Smoothness Maximization Along a Predefined Path Accurately Predicts the Speed Profiles of Complex Arm Movements",
    journal     = "J. of Neuroscience",
    volume      = "880",
    year        = 1998,
    pages       = "696-714",
};
%============================
% K
%============================

@inproceedings{Kiesler_Maya:11,
  author        = "C. Maya and S. S. Srinivasa and M. K. Lee and J. Forlizzi and S. Kiesler",
  title         = "Human preferences for robot-human hand-over configurations",
  booktitle     = "IROS 2011",
  pages         = "1986-1993",
  address       = "San Francisco, CA",
  year          = "2011"
};


@article{Kunicher-Shoham:03,
  author        = "Shoham, Moshe and Burman, Michael and Zehavi, Eli and Joskowicz, Leo and Batkilin, Eduard and Kunicher, Yigal",
  title         = "Bone-mounted miniature robot for surgical procedures: concept and clinical applications",
  journal       = "IEEE Transactions on Robotics and Automation",
  volume        = "19",
  number        = "5",
  pages         = "893-901",
  year          = "2003",
};


@Phdthesis{Kim:phd14,
    author      = "Hyunchul Kim",
    title       = "Systematic control and application for 7 DOF upper-limb exoskeleton",
    school      = "University of California, Santa Cruz",
    year        = 2014,
}

@article{Krageloh-Mann_Staudt:02,
  author        = "Staudt, M and Grodd, W and Gerloff, C and Erb, M and Stitz, J and Krageloh-Mann, I.",
  title         = "Two types of ipsilateral reorganization in congenital hemiparesis: a TMS and fMRI study.",
  journal       = "Brain",
  volume        = "125",
  number        = "Pt 10",
  pages         = "2222-37",
  year          = "2002",
};

@article{Kavoussi-Stoianovici:03,
  author        = "Stoianovici, D. and Cleary, Kevin and Patriciu, Alexandru and Mazilu, Dumitru and Stanimir, Alexandru and Craciunoiu, Nicolae and Watson, Vance and Kavoussi, Louis",
  title         = "AcuBot: a robot for radiological interventions",
  journal       = "IEEE Transactions on Robotics and Automation, ",
  volume        = "19",
  number        = "5",
  pages         = "927-930",
  year          = "2003",
};


@Book{Korein:85,
    author      = "James U. Korein",
    title       = "A Geometric Investigation of Reach",
    publisher   = "The MIT Press",
    year        = 1985,
}

@article{Kugler_Kelso:81,
  author        = "Kelso, JA and Holt, KG and Rubin, P and Kugler, PN.",
  title         = "Patterns of human interlimb coordination emerge from the properties of non-linear, limit cycle oscillatory processes: theory and data.",
  journal       = "J Mot Behav. ",
  volume        = "13",
  number        = "4",
  pages         = "226-61",
  year          = "1981",
};


@article{Kallmann:08,
  author        = "Marcelo Kallmann",
  title         = "Analytical Inverse Kinematics with Body Posture Control",
  journal       = "Computer Animation and Virtual Worlds (CAVW)",
  volume        = "19",
  number        = "2",
  pages         = "79-91",
  year          = "2008",
};

@article{Kawato:99,
  author        = "Kawato, M.",
  title         = "Internal models for motor control and trajectory planning.",
  journal       = "Curr Opin Neurobiol.",
  volume        = "9",
  number        = "6",
  pages         = "718-727",
  year          = "1999",
};

@article{Wolpert_Kawato:98,
  author        = "Kawato, M and Wolpert, D.",
  title         = "Internal models for motor control.",
  journal       = "Novartis Found Symp.",
  volume        = "218",
  pages         = "291-304",
  year          = "1998",
};


@inproceedings{Koeneman_He2:05,
  author        = "Jiping He and E.J.Koeneman and R.S.Schultz and D.E.Herring and John Wanberg and H.Huang and T.Sugar and R.Herman and J.B.Koeneman",
  title         = "RUPERT: a Device for Robotic Upper Extremity Repetitive Therapy",
  booktitle     = "EMBS 2005",
  address       = "Shanghai, China",
  month         = "Sep",
  year          = "2005"
};
@inproceedings{Koeneman_He:05,
  author        = "Jiping He and E.J.Koeneman and R.S.Schultz and H.Huang and John Wanberg and D.E.Herring and T.Sugar and R.Herman and J.B.Koeneman",
  title         = "Design of a Robotic Upper Extremity Repetitive Therapy Device",
  booktitle     = "ICORR 2005",
  address       = "Chicago, IL",
  year          = "2005"
};

@inproceedings{Koeneman_He:05,
  author        = "Jiping He and E.J.Koeneman and R.S.Schultz and H.Huang and John Wanberg and D.E.Herring and T.Sugar and R.Herman and J.B.Koeneman",
  title         = "Design of a Robotic Upper Extremity Repetitive Therapy Device",
  booktitle     = "ICORR 2005",
  address       = "Chicago, IL",
  year          = "2005"
};

@article{Koseoglu_Sutbeyaz:07,
  author        = "Sutbeyaz, S and Yavuzer, G and Sezer, N and Koseoglu, BF.",
  title         = "Mirror therapy enhances lower-extremity motor recovery and motor functioning after stroke: a randomized controlled trial.",
  journal       = "Arch Phys Med Rehabil",
  volume        = "88",
  number        = "5",
  pages         = "555-9",
  year          = "2007",
};


@article{Kuypers_Brinkman:72,
  author        = "J. Brinkman and H. G. J. M. Kuypers",
  title         = "Splitbrain Monkeys: Cerebral Control of Ipsilateral and Contralateral Arm, Hand, and Finger Movements",
  journal       = "Science",
  volume        = "176",
  number        = "4034",
  pages         = "536-539",
  year          = "1972",
};


@article{Kalakanis_Sainburg:00,
  author        = "Sainburg, RL and Kalakanis, D.",
  title         = "Differences in control of limb dynamics during dominant and nondominant arm reaching.",
  journal       = "J Neurophysiol.",
  volume        = "83",
  number        = "5",
  pages         = "2661-75",
  year          = "2000",
};


@article{Kelso_Zanone:92,
  author        = "Zanone, PG and Kelso, JA.",
  title         = "Evolution of behavioral attractors with learning: nonequilibrium phase transitions.",
  journal       = "J Exp Psychol Hum Percept Perform.",
  volume        = "18",
  number        = "2",
  pages         = "403-21",
  year          = "1992",
};

@article{Kato:12,
  author        = "P. M. Kato",
  title         = "Games for Health Journal: Evaluating Efficacy and Validating Games for Health",
  journal       = "Curr Opin Neurol",
  volume        = "1",
  number        = "1",
  pages         = "74-76",
  year          = "2012",
};

@article{Krakauer:06,
  author        = "J. W. Krakauer",
  title         = "Motor learning: its relevance to stroke recovery and neurorehbilitation",
  journal       = "Curr Opin Neurol",
  volume        = "19",
  number        = "1",
  pages         = "84-90",
  year          = "2006",
};

@article{Kim_Cauraugh:02,
  author        = "Cauraugh, JH. and Kim, S. ",
  title         = "Two coupled motor recovery protocols are better than one: electromyogram-triggered neuromuscular stimulation and bilateral movements",
  journal       = "Stroke",
  volume        = "33",
  number        = "6",
  pages         = "1589-94",
  year          = "2002",
};

@article{Kim_Cauraugh:03,
  author        = "Cauraugh, JH. and Kim, S. ",
  title         = "Progress toward motor recovery with active neuromuscular stimulation: muscle activation pattern evidence after a stroke",
  journal       = "J. Neurol. Sci.",
  volume        = "207",
  number        = "1-2",
  pages         = "25-9",
  year          = "2003",
};

@article{Kelso:84,
    author      = "Kelso,J.A.",
    title       = "Phase transitions and critical behavior in human bimanual coordination",
    journal     = "American Journal of Physiology",
    volume      = "246",
    issue       = "6",
    pages       = "R1000-R1004",
    year        = 1984,
};


@article{Kawato_Miyamoto:04,
    author      = "Miyamoto, H and Kawato, M",
    title       = "TOPS (Task optimization in the presence of signal-dependent noise) model",
    journal     = "Sys. and Comp. in Japan.",
    volume      = "35",
    issue       = "11",
    year        = "2004",
    pages       = "48-58"
};

@article{Kawato_Nakano:99,
  author        = "E. Nakano and H. Imamizu and R. Osu and Y. Uno and H. Gomi and T. Yoshioka and M. Kawato",
  title         = "Quantitative Examinations of Internal Representations for Arm Trajectory Planning: Minimum Commanded Torque Change Model",
  journal       = "The Journal of Neurophysiology",
  volume        = "81",
  number        = "5",
  year          = "1999",
  pages         = "2140-2155",
};


@Inproceedings{Khosla_Kim:91,
    author      = "Kim, J.O. and Khosla, P.",
    title       = "Real-time obstacle avoidance using harmonic potential functions",
    booktitle   = "ICRA 1991",
    address     = "Sacramento, CA , USA",
    volume      = "1",
    pages       = "790-796",
    year        = 1991,
};

@Incollection{Kawato:96,
    author      = "Kawato, M.",
    title       = "Bidirectional theory approach to integration",
    booktitle   = "Attention and Performance XVI: Information Integration in Perception and Communication",
    editor      = "T. Inui and J. L. McClelland",
    publisher   = "Cambridge, MA: The MIT Press",
    pages       = "335-367",
    year        = "1996",
};

@article{Khatib:05,
  author        = "A. Bowling and O. Khatib",
  title         = "The dynamic capability equations: a new tool for analyzing robotic manipulator performance",
  journal       = "IEEE Trans. Robot.",
  volume        = "21",
  number        = "1",
  month         = Feb,
  year          = "2005",
  pages         = "115-123"
};


@article{Kuo_Donelan:08,
    author      = "Donelan, J.M. and Li, Q. and Naing, V. and Hoffer, J.A. and Weber, D.J. and Kuo, A.D.",
    title       = "Biomechanical Energy Harvesting: Generating Electricity During Walking with Minimal User Effort",
    journal     = "Science",
    volume      = "319",
    issue       = "5864",
    pages       = "807-810",
    year        = 2008,
};

@article{Kuo:05,
    author      = "D. Kuo",
    title       = "Harvesting Energy by Improving the Economy of Human Walking",
    journal     = "Science",
    volume      = "309",
    issue       = "5741",
    year        = 2005,
    pages       = "1686-1687",
};

@article{Khatib:86,
    author      = "Khatib,O",
    title       = "Real-time obstacle avoidance for manipulators and mobile robots",
    journal     = "IJRR",
    volume      = "5",
    issue       = "1",
    year        = 1986,
    pages       = "90-98",
};

@article{Kazerooni:89,
    author      = "Kazerooni, H.",
    title       = "On the robot compliant motion control",
    journal     = "ASME Journal of Dynamic Systems, Measurement, and Control",
    volume      = "111",
    issue       = "3",
    year        = 1989,
    pages       = "416-425",
};

@article{Kim_Kazerooni:90,
    author      = "Kazerooni, H. and Waibel, B.J. and Kim, S.",
    title       = "On the stability of robot compliant motion control : theory and experiemnts",
    journal     = "ASME Journal of Dynamic Systems, Measurement, and Control",
    volume      = "112",
    issue       = "3",
    year        = 1990,
    pages       = "417-426",
};

@article{Kazerooni_Waibel:91,
    author      = "Waibel, B.J. and Kazerooni, H.",
    title       = "Theory and experiments on the stability of robot compliance control",
    journal     = "IEEE Trans. Robot. Autom.",
    volume      = "7",
    issue       = "1",
    year        = 1991,
    pages       = "95-104",
};

@Incollection{Kazerooni:08,
    author      = "H. Kazerooni",
    title       = "Exoskeletons for human performance augmentation",
    booktitle   = "A handbook of Robotics",
    editor      = "B. Siciliano and O. Khatib",
    publisher   = "Springer Handbook of Robotics, 1st edition",
    pages       = "773-792",
    year        = 2008,
};


@Inproceedings{Kazerooni_Snyder:96,
    author      = "Snyder, T and Kazerooni, H.",
    title       = "Dynamics and control of robotic systems worn by humans",
    booktitle   = "ICRA 1996",
    address     = "Minneapolis, MN, USA",
    volume      = "2",
    pages       = "1147-1152",
    year        =1996,
};
@article{Krogh_Graettinger:88,
    author      = "Graettinger, T.J. and Krogh, B.H.",
    title       = "The acceleration radius: a global performance measure for robotic manipulators",
    journal     = "IEEE Trans. Robot. Automat.",
    volume      = "4",
    issue       = "1",
    year        = 1988,
    pages       = "60-69",
};

@article{Khatib:95,
    author      = "Khatib,O",
    title       = "Inertial Properties in Robotic Manipulation: An Object-Level Framework",
    journal     = "IJRR",
    volume      = "5",
    issue       = "1",
    year        = 1995,
    pages       = "19-36",
};

@article{Klein_Maciejewski:85,
    author      = "Maciejewski, A.A. and Klein, C.A.",
    title       = "Obstacle Avoidance for Kinematically Redundant Manipulators in Dynamically Varying Environments",
    journal     = "IJRR",
    volume      = "4",
    issue       = "3",
    year        = 1985,
    pages       = "109-117",
};

@article{Kalaska_Messier:99,
  author        = "Messier, J and Kalaska, J.F.",
  title         = "Comparison of variability of initial kinematics and endpoints of reaching movements",
  journal       = "Experimental Brain Research",
  volume        = "125",
  number        = "2",
  year          = "1999",
  pages         = "139-152"
};

@inproceedings{Kuipers_Hayashi:90,
  author        = "A. Hayashi and J. Park and B.J. Kuipers;",
  title         = "Toward planning and control of highly redundant manipulators",
  booktitle     = "Proc. of IEEE International Symposium on Intelligent Control",
  address       = "Philadelphia, PA",
  volume        = "2",
  month         = Sep,
  year          = "1990",
  pages         = "683-688"
};

@article{Khatib:03,
    author      = "Khatib, O.",
    title       = "A unified approach for motion and force control of robot manipulators: The operational space formulation",
    journal     = "IJRA",
    volume      = "3",
    issue       = "1",
    year        = "2003",
    pages       = "43-53",
};


@article{Kawato_Wada:01,
    author      = "Y. Wada and Y. Kaneko and E. Nakano and R. Osu and M. Kawato",
    title       = "Quantitative Examinations for Multi Joint Arm Trajectory Planning using a Robust Calculation Algorithm of the Minimum Commanded Torque Change Trajectory",
    journal     = "J. of Neural Networks",
    volume      = "14",
    year        = 2001,
    pages       = "381-393",
};


@Book{Kapandji:07,
    author      = "I. A. Kapandji and  L. Honore and R. Tubiana",
    title       = "Physiology of the Joints",
    publisher   = "Elsevier - Health Sciences Division",
    year        = 2007,
};
%============================
% L
%============================



@Inproceedings{Leonards_Grigore:13,
    author      = "Grigore, E.C. and Eder, K. and Pipe, A.G. and Melhuish, C. and Leonards, U.",
    title       = "Joint action understanding improves robot-to-human object handover.",
    booktitle   = "IROS 2013",
    address     = "Tokyo, Japan",
    pages       = "4622-4629",
    year        = 2013,
};

@article{Lange_Bauernschmitt:07,
  author        = "R. Bauernschmitt and M. Feuerstein and J. Traub and E.U. Schirmbeck and G. Klinker and R. Lange",
  title         = "Optimal port placement and enhanced guidance in robotically assisted cardiac surger",
  journal       = "Surg Endosc",
  volume        = "21",
  year          = "2007",
  pages         = "684-687",
};


@Inproceedings{Li_Yu:11,
    author      = "Wen Yu and Jacob Rosen and Xiaoou Li",
    title       = "Admittance Control for an Upper Limb Exoskeleton, 2011 American Control Conference",
    booktitle   = "2011 American Control Conference - ACC",
    address     = "San Francisco, CA, USA",
    pages       = "1124-1129",
    year        = 2011,
};


@article{Lee:90,
        author = "Philip Lee and Susanna Wei and Jianmin Zhao and Norman I. Badler",
        title = "Strength Guided Motion",
        journal = "Computer Graphics",
        year = "1990",
        volume = "24",
        number = "4",
        pages = "253-262",

}
@article{Badler_Lee:90,
    author      = "Philip Lee and Susanna Wei and Jianmin Zhao and Norman I. Badler",
    title       = "Strength Guided Motion",
    journal     = "Computer Graphics",
    volume      = "24",
    issue       = "4",
    year        = 1990,
    pages       = "253-262",
};

@article{Lum_Schabowsky:07,
    author      = "Schabowsky, CN. and Hidler, JM. and Lum, PS.",
    title       = "Greater reliance on impedance control in the nondominant arm compared with the dominant arm when adapting to a novel dynamic environment.",
    journal     = "Exp Brain Res.",
    volume      = "182",
    issue       = "4",
    year        = 2007,
    pages       = "567-77",
};

@article{Lee_Haaland:04,
    author      = "Haaland, KY and Prestopnik, JL and Knight, RT and Lee, RR.",
    title       = "Hemispheric asymmetries for kinematic and positional aspects of reaching.",
    journal     = "Brain",
    volume      = "127",
    issue       = "Pt5",
    year        = 2004,
    pages       = "1145-58",
};


@article{Lamarre_Lajoie:96,
    author      = "Lajoie, Y. and Teasdale, N. and Cole, J.D. and Burnett, M. and Bard, C. and Fleury, M. and Forget, R. and Paillard, J. and Lamarre, Y.",
    title       = "Gait of a deafferented subject without large myelinated sensory fibers below the neck",
    journal     = "Neurology",
    volume      = "47",
    issue       = "1",
    year        = 1996,
    pages       = "109-115",
};

@article{Lefort_Pozzo:90,
    author      = "T. Pozzo and A. Berthoz and L. Lefort",
    title       = "Head stabilization during various locomotor tasks in humans ",
    journal     = "Experimental brain research",
    volume      = "82",
    issue       = "1",
    year        = 1990,
    pages       = "97-106",
};


@Incollection{Lederman_Wing:09,
    author      = "A. Wing and S.J. Lederman",
    title       = "Points for precision grip",
    booktitle   = "Sensorimotor control of grasping",
    editor      = "D.A. Nowak and J. Hermsdorfer",
    publisher   = "Cambridge University Press",
    pages       = "194-203",
    year        = 2009,
};

@article{Liegeois:77,
    author      = "A. Liegeois",
    title       = "Automatic Supervisory Control of the Configuration and Behavior of Multibody Mechanisms",
    journal     = "IEEE Transactions on Systems, Man, and Cybernetics.",
    volume      = "7",
    issue       = "12",
    year        = 1977,
    pages       = "868-871",
};


@article{Lopez-Cajun_Angeles:92,
  author        = "Angeles, J and Lopez-Cajun, C.S.",
  title         = "Kinematic Isotropy and the Conditioning Index of Serial Robotic Manipulators",
  journal       = "Int. J. Robotics Research",
  volume        = "11",
  number        = "6",
  year          = "1992",
  pages         = "560-571"
};

@article{Latash_Scholz:00,
    author      = "Scholz, J.P. and Schoner, G. and Latash, M.L.",
    title       = "Identifying the control structure of multijoint coordination during pistol shooting",
    journal     = "Experimental brain research",
    volume      = "135",
    number      = "3",
    year        = 2000,
    pages       = "382-404",
};

@article{Latash:10,
    author      = "Latash, M.L.",
    title       = "Motor Synergies and the Equilibrium-Point Hypothesis",
    journal     = "Motor Control",
    volume      = "14",
    number      = "3",
    year        = 2010,
    pages       = "294¨C322",
};


@article{Lacquaniti_Soechting:81,
    author      = "Soechting, J.F. and Lacquaniti, F.",
    title       = "Invariant characteristics of a pointing movement in man",
    journal     = "J. of Neuroscience",
    volume      = "1",
    issue       = "7",
    year        = 1981,
    pages       = "710-720",
};

@article{Latash_Feldman:05,
  author        = "Feldman, A.G. and Latash, M.L.",
  title         = "Testing hypotheses and the advancement of science: recent attempts to falsify the equilibrium point hypothesis",
  journal       = "Experimental brain research",
  volume        = "161",
  number        = "1",
  year          = "2005",
  pages         = "91-103",
};

@article{Lewicki:02,
    author      = "M. S. Lewicki",
    title       = "Efficient coding of natural sounds",
    journal     = "Nature Neuroscience",
    volume      = "5",
    year        = 2002,
    pages       = "356-363",
};

@article{Lamarre_Blouin:93,
    author      = "Blouin, J. and Bard, C. and Teasdale, N. and Paillard, J. and Fleury, M. and Forget, R. and Lamarre, Y.",
    title       = "Reference systems for coding spatial information in normal subjects and a deafferented patient",
    journal     = "Experimental brain research",
    volume      = "93",
    issue       = "2",
    year        = 1993,
    pages       = "324-331",
};

@book{Levinson_Kane:85,
  author        = "Kane, T.R. and Levinson, D.A.",
  title         = "Dynamics: Theory and Applications",
  publisher     = "McGraw-Hill",
  address       = "New York",
  year          = "1985",
};

@Book{Latash:08,
    author      ="M. Latash",
    title       ="Synergy",
    publisher   ="Oxford University Press, USA, 1 edition",
    year        =2008,
};
%============================
% M
%============================
@inproceedings{Morita_Tanaka:14,
  author        = "Tanaka, Fumihide and Takahashi, Toshimitsu and Matsuzoe, Shizuko and Tazawa, Nao and Morita, Masahiko",
  title         = "Telepresence robot helps children in communicating with teachers who speak a different language",
  booktitle     = "Proc. ACM/IEEE Int. Conf Human-robot Interaction",
  year          = "2014",
  pages         = "399-406"
};
@inproceedings{Siebert_Mai:01,
  author        = "Siebert, W and Mai, S",
  title         = "One year clinical experience using the robot system CASPAR for TKR",
  booktitle     = "Proc. CAOS USA 2001",
  year          = "2001",
  pages         = "141-142",
};



@article{Malvezzi_Gabiccini:11,
  author        = " M. Gabiccini and A. Bicchi and D. Prattichizzo and M. Malvezzi ",
  title         = "On the role of hand synergies in the optimal choice of grasping forces",
  journal       = "Autonomous Robots",
  volume        = "31",
  number        = "2-3",
  pages         = "235-252",
  year          = "2011",
};


@inproceedings{Matsuno_Kamegawa:04,
  author        = "Kamegawa, T. and others",
  title         = "Development of the snake-like rescue robot kohga",
  booktitle     = "ICRA",
  year          = "2004",
  pages         = "5081-5086",
};
%   author        = "Kamegawa, T. and Yarnasaki, T. and Igarashi, H. and Matsuno, F.",


@article{MacDonald_Broadbent:09,
  author        = "Broadbent, E. and Stafford, R. and MacDonald, B.",
  title         = "Acceptance of healthcare robots for the older population: Review and future directions",
  journal       = "International Journal of Science and Research (IJSR)",
  volume        = "1",
  number        = "4",
  pages         = "319-330",
  year          = "2009",
};

@article{Micelli_Strabala:13,
  author        = "K. W. Strabala and others",
  title         = "Towards Seamless Human-Robot Handovers.",
  journal       = "Journal of Human Robot Interaction",
  volume        = "2",
  number        = "1",
  pages         = "1-23",
  year          = "2013",
};
%  author        = "K. W. Strabala and M. K. Lee and A. D. Dragan and J. L. Forlizzi and S. Srinivasa and M. Cakmak and V. Micelli",


@article{Macko_Whitall:00,
  author        = "Whitall, J and McCombe Waller, S and Silver, KH and Macko, RF.",
  title         = "Repetitive bilateral arm training with rhythmic auditory cueing improves motor function in chronic hemiparetic stroke",
  journal       = "Stroke",
  volume        = "31",
  number        = "10",
  pages         = "2390-5",
  year          = "2000",
};


@book{Majumdar:95,
  author        = "Majumdar, S.R",
  title         = "Pneumatic System: Principles and Maintenance",
  publisher     = " New Delhi: Tata McGraw-Hill",
  year          = "1995"
};

@article{Barnes:98,
  author        = "M. Barnes",
  title         = "Management of spasticity",
  journal       = "Age and Ageing",
  volume        = "27",
  pages         = "239-245",
  year          = "1998",
};


@Misc{Microsoft_Robotics:08,
    author      = "Microsoft",
    title       = "Microsoft robotic developer studio 2008.",
    url         = "http://www.microsoft.com"
};

@Mastersthesis{Miller:06,
    author      = "L. M. Miller",
    title       = "Gravity compensation for a 7 degree of freedom powered upper limb exoskeleton",
    school      = "University of Washington",
    year        = 2006,
};

@article{McCabe_Franz:80,
  author        = "Franz, EA and Zelaznik, HN and McCabe, G.",
  title         = "Spatial topological constraints in a bimanual task.",
  journal       = "Acta Psychol (Amst).",
  volume        = "77",
  number        = "2",
  pages         = "137-51",
  year          = 1991
};


@article{MacKenzie_Marteniuk:80,
  author        = "R.G. Marteniuk and C.L. MacKenzie",
  title         = "A Preliminary Theory of Two-Hand Coordinated Control",
  journal       = "Advances in Psychology",
  volume        = "1",
  number        = "",
  pages         = "185-197",
  year          = "1980",
};

@article{Matyas_Mudie:00,
  author        = "MH. Mudie and TA. Matyas",
  title         = "Can simultaneous bilateral movement involve the undamaged hemisphere in reconstruction of neural networks damaged by stroke?",
  journal       = "Disabil. Rehab.",
  volume        = "22",
  number        = "1-2",
  pages         = "23-37",
  year          = "2000",
};


@article{Maciejewski_Roberts:96,
  author        = "Rodney G. Roberts and Anthony A. Maciejewski",
  title         = "A Local Measure of Fault Tolerance for Kinematically Redundant Manipulators",
  journal       = "IEEE Trans. Robot. Automat.",
  volume        = "12",
  number        = "4",
  month         = Aug,
  year          = "1996",
  pages         = "543-552"
};

@article{Maciejewski_Lewis:97,
  author        = "C. Lewis and A. A. Maciejewski",
  title         = "Fault Tolerant Operation of Kinematically Redundant Manipulators for Locked Joint Failures",
  journal       = "IEEE Trans. Robot. Automat.",
  volume        = "13",
  year          = "1997",
  pages         = "622--629"
};

@article{Maciejewski_English:98,
  author        = "J.D. English and  A.A. Maciejewski",
  title         = "Fault tolerance for kinematically redundant manipulators: anticipating free-swinging joint failures",
  journal       = "IEEE Trans. Robot. Automat.",
  volume        = "14",
  number        = "4",
  month         = Aug,
  year          = "1998",
  pages         = "566-575"
};

@inproceedings{Maciejewski:90,
  author        = "A.A. Maciejewski",
  title         = "Fault tolerant properties of kinematically redundant manipulators",
  booktitle     = "ICRA 1990",
  address       = "Cincinnati, OH",
  month         = Nov,
  year          = "1990",
  pages         = "638-642",
};

@article{Martin_Smeets:09,
    author      = "Smeets, J.B. and Brenner, E. and Martin, J.",
    title       = "Grasping Occam's razor",
    journal     = "Advances in experimental medicine and biology, Progress in Motor Control",
    volume      = "629",
    pages       = "499-522",
    year        = "2009",
};

@article{Meulenbroek_Vaughan:01,
  author        = "Vaughan, J. and Rosenbaum, D.A. and Meulenbroek, R.G.",
  title         = "Planning reaching and grasping movements: the problem of obstacle avoidance",
  journal       = "Motor control",
  volume        = "5",
  number        = "2",
  year          = "2001",
  pages         = "116-135",
};

@Inproceedings{Mackenzie:92,
    author      = "I. S. Mackenzie and W. Buxton",
    title       = "Extending Fitts' Law to two-dimensional tasks",
    booktitle   = "Proc. of ACM CHI'92 Conference",
    pages       = "219-226",
    year        =1992,
};

@article{Massey_Georgopoulos:80,
    author      = "A. P. Georgopoulos and J. F. Kalaska and J. T. Massey",
    title       = "Spatial trajectories and reaction times of aimed movements: effects of practice, uncertainty, and change in target location",
    journal     = "J. of Neuroscience",
    volume      = "46",
    issue       = "4",
    year        = 1981,
    pages       = "725-743",
};

@article{Maciejewski:90,
        author  = "Anthony A. Maciejewski",
        title   = "Dealing wit the Ill-Conditioned Equations of Motion for Articulated Figures",
        journal = "IEEE Computer Graphics and Applications",
        year    = "1990",
        pages   = "63-71",
};

@article{Moore_Graziano:02,
        author  = "Graziano, M.S. and Tylor, C.S. and Moore, T.",
        title   = "Complex movements evoked by micro stimulation of precentral Cortex",
        journal = "Neuron",
        year    = "2002",
        volume  = "34",
        issue   = "5",
        pages   = "841-851",
};

@Inproceedings{Murakami_Yoshikawa:93,
    author      = "Yoshikawa, T. and Hosoda, K. and Doi, T. and Murakami, H.",
    title       = "Quasi-static trajectory tracking control of flexible manipulator by macro-micro manipulator system",
    booktitle   = "IEEE International Conference on Robotics and Automation",
    address     = "Munich, Germany",
    volume      = "3",
    pages       = "210-215",
    year        = 1993,
};

@Inproceedings{Mahoney_Kazerooni:91,
    author      = "Kazerooni, H. and Mahoney, S.L.",
    title       = "Dynamics and control of robotic systems worn by humans",
    booktitle   = "Proceedings of 1991 IEEE International Conference on Robotics and Automation",
    address     = "Sacramento, CA , USA",
    volume      = "3",
    pages       = "2399-2405",
    year        =1991,
};

@article{Miall_Robertson:97,
    author      = "E. M. Robertson and R. C. Miall",
    title       = "Multi-joint limbs permit a flexible response to unpredictable events ",
    journal     = "Experimental brain research",
    volume      = "117",
    issue       = "1",
    year        = 1997,
    pages       = "148-152",
};


%============================
% N
%============================
@Misc{NSA:13,
    author      = "National Stroke Association",
    title       = "Hope: A stroke recovery guide",
    url         = "Available: http://www.stroke.org"
}


@Book{Napier:62,
    author      = "J. R. Napier",
    title       = "The evolution of the hand",
    publisher   = "Science American",
    year        = "1962",
};

@Book{Napier:76,
    author      = "J. R. Napier",
    title       = "The human hand",
    publisher   = "Scientific Publications Division, Carolina Biological Supply Co.",
    year        = "1976",
};


@article{Nusbaum_Rose:14,
  author        = "Rose, Paul T and Nusbaum, Bernard",
  title         = "Robotic hair restoration.",
  journal       = "Dermatologic clinics",
  volume        = "32",
  number        = "1",
  year          = "97-107",
  pages         = "2014"
};


@article{Neilson_ODwyer:96,
  author        = "O'Dwyer, NJ and Ada, L and Neilson, PD.",
  title         = "Spasticity and muscle contracture following stroke.",
  journal       = "Brain",
  volume        = "119",
  number        = "Pt5",
  year          = "1996",
  pages         = "1737-49"
};

@article{Newell_Rice:04,
  author        = "Rice, MS and Newell, KM.",
  title         = "Upper-extremity interlimb coupling in persons with left hemiplegia due to stroke",
  journal       = "Arch Phys Med Rehabil.",
  volume        = "85",
  number        = "4",
  year          = "2004",
  pages         = "629-34"
};

@article{Neggers_Gielen:97,
  author        = "C.C.A.M. Gielen and E. J. Vrijenhoek and T. Flash and S.F.W. Neggers",
  title         = "Arm Position Constraints During Pointing and Reaching in 3-D Space",
  journal       = "J. of Neurophysiology",
  volume        = "78",
  number        = "2",
  year          = "1997",
  pages         = "660-673"
};

@Book{Newell_Davids:06,
    author      = "K. Davids and S. Bennett and K.M. Newell",
    title       = "Movement System Variability",
    publisher   = "Human Kinetics",
    year        = 2006,
};


@Incollection{Newell_Vaillancourt:01,
    author      = "Vaillancourt, D.E. and Newell, K.M.",
    title       = "movement variability and theories of motor control",
    booktitle   = "Classics in Movement Sceience",
    editor      = "M. Latash and V. Zatsiorsky ",
    publisher   = "Human Kinetics",
    pages       = "409-435",
    year        = "2001",
};


@article{Nilsson_Thorstensson:82,
    author      = "Thorstensson, A. and Carlson, H. and Zomlefer, M.R. and Nilsson, J.",
    title       = "Lumbar back muscle activity in relation to trunk movements during locomotion in man",
    journal     = "J. of Theoretical Biology",
    volume      = "116",
    issue       = "1",
    year        = 1982,
    pages       = "13-20",
};

@article{Nashner:80,
    author      = "L. M. Nashner",
    title       = "Balance adjustments of humans perturbed while walking",
    journal     = "J. of Neurophysiology",
    volume      = "44",
    year        = 1980,
    pages       = "650-664"
};


@article{Nelson:83,
    author      = "Nelson, W.L.",
    title       = "Physical principles for economies of skilled movements.",
    journal     = "Biological cybernetics",
    volume      = "46",
    issue       = "2",
    year        = 1983,
    pages       = "135-147",
};

@Inproceedings{Nagai:94,
    author      = "Nagai, K. and Yoshikawa, T.",
    title       = "Impedance control of redundant macro-micro manipulators",
    booktitle   = "IEEE/RSJ International Conference on Intelligent Robots and Systems",
    address     = "Munich, Germany",
    volume      = "2",
    pages       = "1438-1445",
    year        = 1994,
};


%============================
% O
%============================
@Book{Odell_Boullion:71,
    author      = "Thomas L. Boullion and Patrick L. Odell",
    title       = "Generalized inverse matrices",
    publisher   = "Wiley-Interscience",
    year        = 1971,
};

@inproceedings{O-BrienDuMouchel_RobustFit:89,
  author        = "W. H. DuMouchel and F. L. O'Brien",
  title         = "Integrating a Robust Option into a Multiple Regression Computing Environment.",
  booktitle     = "Computer Science and Statistics: Proc. 21st Symposium on the Interface",
  address       = "Alexandria, VA",
  pages         = "41-48",
  month         = Mar,
  year          = "1989",
};


%============================
% P
%============================

@inproceedings{Poignet_Adorno:11,
  author        = "Adorno, B.V. and Bo, A.P.L. and Fraisse, P. and Poignet, P.",
  title         = "Towards a cooperative framework for interactive manipulation involving a human and a humanoid. ",
  booktitle     = "IEEE International Conference on Robotics and Automation",
  address       = "Barcelona, Spain",
  month         = May,
  year          = "2011",
  pages         = "3777-3783",
};


@inproceedings{Patel_Trejos:05,
  author        = "A.L. Trejos and R.V. Patel",
  title         = "Port Placement for Endoscopic Cardiac Surgery Based on Robot Dexterity Optimization",
  booktitle     = "Proc. of the 2005 IEEE Int. Conf. on Robotics \& Automation",
  address       = "Barcelona, Spain",
  month         = May,
  year          = "2005",
  pages         = "912-917",
};


@article{Perez:12,
  author        = "Monica A. Perez",
  title         = "The Functional Role of Interhemispheric Interactions in Human Motor Control",
  journal       = "Cortical Connectivity",
  year          = "2012",
  pages         = "165-181",
};

@article{Pandy_Garner:99,
  author        = "Garner, BA and Pandy, MG.",
  title         = "Final posture of the upper limb depends on the initial position of the hand during prehension movements ",
  journal       = "Comput Methods Biomech Biomed Engin.",
  volume        = "2",
  number        = "2",
  year          = "1999",
  pages         = "107-124",
};


@article{Pidikiti_Taub:99,
  author        = "Taub, E and Uswatte, G and Pidikiti, R.",
  title         = "Constraint-Induced Movement Therapy: a new family of techniques with broad application to physical rehabilitation--a clinical review.",
  journal       = "J Rehabil Res Dev.",
  volume        = "36",
  number        = "3",
  year          = "1999",
  pages         = "237-51",
};

@article{Prablanc_Desmurget:98,
  author        = "M. Desmurget and H. Grea and C. Prablanc",
  title         = "Final posture of the upper limb depends on the initial position of the hand during prehension movements ",
  journal       = "Current Biology",
  volume        = "119",
  number        = "4",
  year          = "1998",
  pages         = "511-516",
};

@Inproceedings{Pan_Li:04,
    author      = "Li, W. and Todorov, E. and Pan, X",
    title       = "Hierarchical optimal control of redundant biomechanical systems",
    booktitle   = "EMBS 2004",
    pages       = "4618-4621",
    year        = 2004,
};

@article{Pratt_Pratt:01,
    author      = "J. Pratt and C. Chew and A. Torres and P. Dilworth and G. Pratt",
    title       = "Virtual Model Control: An Intuitive Approach for Bipedal Locomotion",
    journal     = "IEEE Trans. Robot. Autom.",
    volume      = "20",
    issue       = "2",
    year        = 2001,
    pages       = "129-143",
};

@article{Pellionisz:84,
    author      = "A. J. Pellionisz",
    title       = "Coordination: a vector-matrix description of transformations of overcomplete CNS coordinates and a tensorial solution using the Moore-Penrose generalized inverse",
    journal     = "J. of Theoretical Biology",
    volume      = "110",
    issue       = "3",
    year        = 1984,
    pages       = "353-375",
};

@Incollection{Paradiso_Starner:04,
    author      = "T. Starner and J.A. Paradiso",
    title       = "Human Generated Power for Mobile Electronics",
    booktitle   = "Low Power Electronics Design",
    editor      = "C. Piguet",
    publisher   = "CRC Press: Boca Raton",
    pages       = "1-35",
    year        = 2004,
};

@article{Pentland_Starner:96,
    author      = "T. Starner and B. Rhodes and J. Weaver and A. Pentland",
    title       = "Human Powered Wearable Computing",
    journal     = "Science",
    volume      = "35",
    issue       = "3-4",
    year        = 1996,
    pages       = "618-629",
};


@article{Perry_Rosen:07,
  author        = "Rosen, J. and Perry, J.C.",
  title         = "Upper Limb Powered Exoskeleton",
  journal       = "J. of Humanoid Robotics",
  volume        = "4",
  number        = "3",
  year          = "2007",
  pages         = "1-20",
};
@article{Perry_Rosen:09,
  author        = "J.C. Perry and J. Powell and J. Rosen",
  title         = "Isotropy of an Upper Limb Exoskeleton and the Kinematics and Dynamics of the Human Arm",
  journal       = "J. of Applied Bionics and Biomechanics",
  volume        = "6",
  number        = "2",
  year          = "2009",
  pages         = "175-191",
};

@inproceedings{Perry_Rosen:06,
  author        = "Perry, J.C. and Rosen, J.",
  title         = "Design of a 7 Degree-of-Freedom Upper-Limb Powered Exoskeleton",
  booktitle     = "Proceedings of the 3rd IEEE RAS \& EMBS International Conference on Biomedical Robotics and Biomechatronics",
  address       = "Pisa, Italy",
  month         = Feb,
  year          = "2006",
  pages         = "805-810",
};

%============================
% Q
%============================
@article{Quinn_Schmidt:79,
    author      = "Schmidt, R.A. and Zelaznik, H. and Hawkins, B. and Frank, J.S. and Quinn, J.T.",
    title       = "Motor-output variability: a theory for the accuracy of rapid motor acts",
    journal     = "Psychology review",
    volume      = "47",
    issue       = "5",
    year        = 1979,
    pages       = "415-541",
};



%============================
% R
%============================

@article{Repicci_Pearle:09,
    author      = "Pearle, Andrew D and Kendoff, Daniel and Stueber, Volker and Musahl, Volker and Repicci, John A",
    title       = "Perioperative management of unicompartmental knee arthroplasty using the MAKO robotic arm system (MAKOplasty)",
    journal     = "American Journal of Orthopedics",
    volume      = "38",
    number      = "2",
    year        = 2009,
    pages       = "16-19",
};


@article{Riviere_MacLachlan:12,
    author      = "MacLachlan, Robert and Becker, Brian C and Cuevas Tabares, Jaime and Podnar, Gregg W and Lobes, Louis and Riviere, Cameron N",
    title       = "Micron: an actively stabilized handheld tool for microsurgery",
    journal     = "IEEE Transactions on Robotics",
    volume      = "28",
    number      = "1",
    year        = 2012,
    pages       = "195-212",
};


@article{Rosen_Simkins:14,
    author      = "Simkins, M. and Al-Refai, A.H. and Rosen, J.",
    title       = "Upper Limb Joint Space Modeling of Stroke Induced Synergies Using Isolated and Voluntary Arm Perturbations",
    journal     = "IEEE Trans. Neural Systems and Rehabilitation Engineering",
    volume      = "22",
    number      = "3",
    year        = 2014,
    pages       = "491-500",
};

@article{Ryu_Pervez:08,
    author      = "Pervez, A. and Ryu, J.",
    title       = "Safe physical human robot interaction-past, present and future",
    journal     = "Journal of Mechanical Science and Technology",
    volume      = "22",
    number      = "3",
    year        = 2008,
    pages       = "469-483",
};

@article{Rosen_Li_J:14,
    author      = "Li. Z and Milutinovic, D. and Rosen, J",
    title       = "Spatial Map of Synthesized Criteria for the Redundancy Resolution of Human Arm Movements",
    journal     = "IEEE Trans. Neural Systems and Rehabilitation Engineering",
    volume      = "PP",
    number      = "99",
    year        = 2014,
    pages       = "1-12",
};

@inproceedings{Rosen_Li:14,
  author        = "Li, Z. and Roldan, JR and Milutinovi\'c, D and Rosen, J.",
  title         = "Task-relevance of Grasping-related Degrees of Freedom in Reach-to-grasp Movements",
  booktitle     = "Conf Proc IEEE Eng Med Biol Soc.",
  address       = "Chicago, IL",
  month         = Aug,
  year          = "2014",
  pages         = "6903-6",
};

@inproceedings{Rosen_Li_IROS:14,
  author        = "Li, Z. and Gray, K. and Roldan, J. and Roldan, JR and Milutinovic, D and Rosen, J.",
  title         = "The joint coordination in reach-to-grasp movements",
  booktitle     = "IROS 2014",
  address       = "Chicago, IL",
  month         = Sep,
  year          = "2014",
  pages         = "906-911",
};


@Incollection{Rosen_Perry_UL7:08,
    author      = "Perry Joel C. and Jacob Rosen",
    title       = "Case Study: An Upper-Limb Powered Exoskeleton, Wearble Robots: Biomechatronics Exoskeleton",
    booktitle   = "Wearble Robots: Biomechatronics Exoskeleton",
    editor      = "Jose L. Pons",
    publisher   = "Wiley",
    pages       = "259-269",
    year        = 2008,
};


@inproceedings{Riender_Tobias:09,
    author        = "Tobias Nef and Marco Guidali and Verena Klamroth-Marganska and Robert Riender",
    title         = "ARMin - Exoskeleton Robot for Stroke Rehabilitation",
    booktitle     = "World Congress on Medical Physics and Biomedical Engineering IFMBE",
    address       = "Osaka, Japan",
    volume        = "25/9",
    address       = "Munich, Germany",
    month         = "Sep",
    pages         = "127-130",
    year          = "2009"
};

@inproceedings{Rosen_Li_EMBC:13,
    author        = "Li,Z and Roldan, J.R. and Milutinovic, D and Rosen, J",
    title         = "The Rotational Axis Approach for Resolving the Kinematic Redundancy of the Human Arm in Reaching Movements.",
    booktitle     = "EMBC 2013",
    address       = "Osaka, Japan",
    month         = Jul,
    year          = "2013",
    pages         = "2507-2510"
};


@inproceedings{Rosen_Kim2:12,
    author        = "Kim, H and Miller, L. M. and Rosen, J.",
    title         = "Admittance Control of Seven-DOF Upper Limb Exoskeleton to Reduce Energy Exchange.",
    booktitle     = "ICRA 2012",
    address       = "Saint Paul, Minnesota",
    month         = May,
    year          = "2012",
    pages         = "1-4"
};


@article{Rosen_Li_IROSChapt:13,
    author      = "Li, Z and Kim, H and Milutinovic, D and Rosen, J",
    title       = "Synthesizing Redundancy Resolution Criteria of the Human Arm Posture in Reaching Movements.",
    journal     = "Redundancy in Robot Manipulators and Multi-robot systems",
    volume      = "57",
    year        = "2013",
    pages       = "201-240",
};


@article{Rosen_Simkins:12,
    author        = "M. Simkins and I. Fedulow and H. Kim and G. Abrams and N. Byl and J. Rosen",
    title         = "Robotic rehabilitation game design for chronic stroke",
    journal       = "Games for Health Journal",
    volume        = "1",
    number        = "6",
    year          = "2012",
    pages         = "422-430"
};


@article{Rosen_Kim:13,
    author        = "Kim, H and Miller, LM and Fedulow, I and Simkins, M and Abrams, GM and Byl, N and Rosen, J.",
    title         = "Kinematic data analysis for post-stroke patients following bilateral versus unilateral rehabilitation with an upper limb wearable robotic system.",
    journal       = "IEEE Trans Neural Syst Rehabil Eng",
    volume        = "21",
    number        = "2",
    year          = "2013",
    pages         = "153-64"
};

@article{Rojas_Angeles:87,
    author        = "Angeles, J and Rojas, A",
    title         = "Manipulator inverse kinematics via condition-number minimization and continuation",
    journal       = "Int. J. Robotics Automation ",
    volume        = "2",
    number        = "2",
    year          = "1987",
    pages         = "61-69"
};
@article{Roy_Messier:06,
    author        = "Messier, S. and Bourbonnais, D. and Desrosiers, J. and Roy, Y.",
    title         = "Kinematic analysis of upper limbs and trunk movement during bilateral movement after stroke",
    journal       = "Arch Phys Med Rehabil.",
    volume        = "87",
    issue         = "11",
    year          = "2006",
    pages         = "1463-70"
};




@article{Rosenbaum_Jansen:01,
    author        = "Rosenbaum, D.A. and Meulenbroek, R.J. and Vaughan, J. and Jansen, C.",
    title         = "Posture-based motion planning: applications to grasping",
    journal       = "Psychological Review",
    volume        = "108",
    number        = "4",
    year          = "2001",
    pages         = "709-734"
};


@Book{Rosenbaum:90,
    author      = "D.A. Rosenbaum",
    title       = "Human Motor Control",
    publisher   = "Academic Press",
    year        =1990,
};

@Incollection{Rosen_Perry:08,
    author      = "Perry Joel C. and Jacob Rosen",
    title       = "Human Generated Power for Mobile Electronics",
    booktitle   = "Wearble Robots: Biomechatronics Exoskeleton",
    editor      = "Jose L. Pons",
    publisher   = "Wiley",
    pages       = "259-269",
    year        = 2008,
};

@inproceedings{Rosen_Li:11,
    author        = "Z. Li and D. Glozman and D. Milutinovic and J. Rosen",
    title         = "Maximizing Dexterous Workspace and Optimal Port Placement of a Multi-Arm Surgical Robot",
    booktitle     = "ICRA 2011",
    address       = "Shanghai, China",
    month         = May,
    year          = "2011",
    pages         = "3394-3399",
};

@inproceedings{Rosen_Miller:10,
    author        = "L. M. Miller and J. Rosen",
    title         = "Comparison of Multi-Sensor Admittance Control in Joint Space and Task Space for a Seven Degree of Freedom Upper Limb Exoskeleton",
    booktitle     = "Proceedings of the 3rd IEEE RAS \& EMBS International Conference on Biomedical Robotics and Biomechatronics",
    address       = "Tokyo, Japan",
    month         = Sep,
    year          = "2010",
    pages         = "26-29",
};


@inproceedings{Rosen_Kim:11,
    author      = "H. Kim and L. Miller and J. Rosen",
    title       = "Redundancy Resolution of a Human Arm for Controlling a Seven DOF wearable Robotic System",
    booktitle   = "EMBC 2011",
    address     = "Boston, USA",
    month       = Aug,
    year        = "2011"
};

@inproceedings{Rosen_Kim:12,
    author        = "Hyunchul Kim and Zhi Li and Dejan Milutinovic and Jacob Rosen",
    title         = "Resolving the Redundancy of a Seven DOF Wearable Robotic System Based on Kinematic and Dynamic Constraint",
    booktitle     = "ICRA 2012",
    address       = "St. Paul, Minnesota, USA",
    year          = "2012",
};

@inproceedings{Rosen_Joel:06,
    author        = "Joel C. Perry and Jacob Rosen",
    title         = "Design of a 7 degree-of-freedom upper-limb powered exoskeleton",
    booktitle     = "IEEE/RAS-EMBS International Conference on Biomedical Robotics and Biomechatronics",
    address       = "Pisa, Italy",
    month         = "Feb",
    year          = "2006"
};


%============================
% S
%============================
@inproceedings{Smart_Kraft:16,
    author        = "Kraft, Kory and Smart, William D",
    title         = "Seeing is comforting: effects of teleoperator visibility in robot-mediated health care",
    booktitle     = "The Eleventh ACM/IEEE International Conference on Human Robot Interaction",
    pages         = "11-18",
    year          = "2016"
};

@inproceedings{Scassellati_Admoni:14,
  author        = "H. Admoni and A. Dragan and S.S. Srinivasa and B. Scassellati.",
  title         = "Deliberate delays during robot-to-human handovers improve compliance with gaze communication.",
  booktitle     = "ACM/IEEE international conference on Human-robot interaction",
  pages         = "49-56",
  year          = "2014"
};


@inproceedings{Shoham_Joskowicz:11,
    author        = "Joskowicz, L and Shamir, R and Israel, Z and Shoshan, Y and Shoham, M",
    title         = "Renaissance robotic system for keyhole cranial neurosurgery: in-vitro accuracy study",
    booktitle     = "Proceedings of the Simposio Mexicano en Ciruga Asistida por Computadora y Procesamiento de Imgenes Mdicas (MexCAS¡¯11)",
    year          = "2011"
};

@article{Stoianovici_Patriciu:07,
    author      = "Patriciu, Alexandru and Petrisor, Doru and Muntener, Michael and Mazilu, Dumitru and Sch{\"a}r, Michael and Stoianovici, Dan",
    title       = "Automatic brachytherapy seed placement under MRI guidance",
    journal     = "IEEE Transactions on Biomedical Engineering",
    volume      = "54",
    issue       = "8",
    pages       = "1499-1506",
    year        = 2007,
};



@article{Soechting_Santello:98,
    author      = "Santello, M and Flanders, M and Soechting, JF",
    title       = "Postural hand synergies for tool use.",
    journal     = "J Neurosci.",
    volume      = "18",
    issue       = "23",
    pages       = "10105-15",
    year        = 1998,
};



@article{Simeon_Sisbot:07,
    author      = "Sisbot, E.A. and Marin-Urias, L.F. and Alami, R. and Simeon, T.",
    title       = "Towards human-aware robot motions.",
    journal     = "IEEE Trans. Robotics",
    volume      = "23",
    issue       = "5",
    pages       = "874-883",
    year        = 2007,
};


@inproceedings{Scassellati_Dragan:14,
    author        = "A. Dragan and S. Srinivasa and H. Admoni and B. Scassellati",
    title         = "Deliberate delays during robot-to-human handovers improve compliance with gaze communication. ",
    booktitle     = "International Conference on Human-Robot Interaction (HRI)",
    address       = "New York, USA",
    month         = Mar,
    year          = "2014",
    pages         = "49-56",
};


@article{Stoykov_Stevens:04,
    author      = "Stevens, JA and Stoykov, ME.",
    title       = "Simulation of bilateral movement training through mirror reflection: a case report demonstrating an occupational therapy technique for hemiparesis",
    journal     = "Top Stroke Rehabil.",
    volume      = "11",
    issue       = "1",
    pages       = "59-66",
    year        = 2004,
};


@article{Staines_Smith:06,
    author      = "Smith, AL and Staines, WR.",
    title       = "Cortical adaptations and motor performance improvements associated with short-term bimanual training.",
    journal     = "Brain Res.",
    volume      = "1071",
    issue       = "1",
    pages       = "165-74",
    year        = 2006,
};


@article{Summer_Cauraugh:05,
    author      = "Cauraugh, JH and Summers, JJ.",
    title       = "Neural plasticity and bilateral movements: A rehabilitation approach for chronic stroke.",
    journal     = "Prog Neurobiol.",
    volume      = "75",
    issue       = "5",
    pages       = "309-20",
    year        = 2005,
};


@article{Schaal_Mehta:02,
    author      = "Mehta, B and Schaal, S.",
    title       = "Forward models in visuomotor control.",
    journal     = "J Neurophysiol.",
    volume      = "88",
    issue       = "2",
    pages       = "942-53",
    year        = 2002,
};


@inproceedings{Steinhage_Iossifidis:02,
    author        = "Ioannis Iossifidis and Axel Steinhage",
    title         = "Controlling a Redundant Robot Arm by Means of a Haptic Sensor",
    booktitle     = "ROBOTIK 2002",
    year          = "2002",
    pages         = "269-274"
};


@article{Stam_Yavuzer:08,
    author      = "Yavuzer, G and Selles, R and Sezer, N and Sutbeyaz, S and Bussmann, JB and Koseoglu, F and Atay, MB and Stam, HJ.",
    title       = "Mirror Therapy Improves Hand Function in Subacute Stroke: A Randomized Controlled Trial",
    journal     = "Biol Cybern.",
    volume      = "89",
    issue       = "3",
    pages       = "393-8",
    year        = 2008,
};

@article{Summers_Cattaert:99,
    author      = "Cattaert, D and Semjen, A and Summers, JJ.",
    title       = "Simulating a neural cross-talk model for between-hand interference during bimanual circle drawing.",
    journal     = "Biol Cybern.",
    volume      = "81",
    issue       = "4",
    pages       = "343-58",
    year        = 1999,
};


@article{Semjen_Kagerer:03,
    author      = "F. Kagerer and J. Summers and A. Semjen",
    title       = "Instabilities during antiphase bimanual movements: are ipsilateral pathways involved?",
    journal     = "Exp Brain Res",
    volume      = "151",
    issue       = "4",
    pages       = "489-500",
    year        = 2003,
};

@article{Serrien:08,
    author      = "Deborah J. Serrien",
    title       = "Coordination constraints during bimanual versus unimanual performance conditions",
    journal     = "Neuropsychologia",
    volume      = "46",
    issue       = "2",
    pages       = "419-425",
    year        = 2008,
};

@article{Steglich_Heuer:98,
    author      = "Heuer, H and Spijkers, W and Kleinsorge, T and van der Loo, H and Steglich, C.",
    title       = "The time course of cross-talk during the simultaneous specification of bimanual movement amplitudes.",
    journal     = "Exp Brain Res.",
    volume      = "118",
    issue       = "3",
    pages       = "381-92",
    year        = 1998,
};

@article{Steinmetz_Jancke:00,
    author      = "L. Jancke and M. Peters and M. Himmelbach and T. Nosselt and J. Shah and H. Steinmetz",
    title       = "{FMRI} study of bimanual coordination",
    journal     = "Neuropsychologia",
    volume      = "38",
    issue       = "2000",
    pages       = "164-174",
    year        = 2000,
};


@article{Swinnen_Debaere:04,
    author      = "F. Debaere and N. Wenderoth and S. Sunaert and P. Van Hecke and S.P. Swinnen",
    title       = "Cerebellar and premotor function in bimanual coordination: Parametric neural responses to spatiotemporal complexity and cycling frequency",
    journal     = "Neuroimage",
    volume      = "21",
    issue       = "2004",
    pages       = "1416-1427",
    year        = 2004,
};


@article{Summers_Stewart:06,
    author      = "Stewart, KC. and Cauraugh, JH. and Summers JJ.",
    title       = "Bilateral movement training and stroke rehabilitation: a systematic review and meta-analysis.",
    journal     = "J Neurol Sci.",
    volume      = "244",
    issue       = "1-2",
    pages       = "89-95",
    year        = 2006,
};

@article{Summers_Cauraugh:10,
    author      = "JH. Cauraugh and N. Lodha and SK. Naik and JJ. Summers",
    title       = "Bilateral movement training and stroke motor recovery progress: A structured review and meta-analysis",
    journal     = "Human Movement Science",
    volume      = "29",
    issue       = "5",
    pages       = "853-870",
    year        = 2010,
};


@article{Swinnen_Serrien:98,
    author      = "Serrien, DJ and Swinnen, SP.",
    title       = "Load compensation during homologous and non-homologous coordination.",
    journal     = "Exp Brain Res.",
    volume      = "121",
    issue       = "3",
    pages       = "223-9",
    year        = 1998,
};

@article{Sainburg_Duff:07,
    author      = "Duff, SV and Sainburg, RL.",
    title       = "Nondominant arm advantages in load compensation during rapid elbow joint movements.",
    journal     = "Exp Brain Res.",
    volume      = "179",
    issue       = "4",
    pages       = "551-61",
    year        = 2007,
};


@article{Sainburg_Bagesteiro:03,
    author      = "Bagesteiro, LB and Sainburg, RL.",
    title       = "Nondominant arm advantages in load compensation during rapid elbow joint movements.",
    journal     = "J Neurophysiol.",
    volume      = "90",
    issue       = "3",
    pages       = "1503-13",
    year        = 2003,
};

@article{Sainburg_Bagesteiro:02,
    author      = "Bagesteiro, LB. and Sainburg, RL.",
    title       = "Handedness: dominant arm advantages in control of limb dynamics.",
    journal     = "J Neurophysiol.",
    volume      = "88",
    issue       = "5",
    pages       = "2408-21",
    year        = 2002,
};

@article{Sainburg:02,
    author      = "Sainburg, RL.",
    title       = "Evidence for a dynamic-dominance hypothesis of handedness.",
    journal     = "Exp Brain Res.",
    volume      = "142",
    issue       = "2",
    pages       = "241-58",
    year        = 2002,
};


@article{Sainburg:05,
    author      = "Sainburg, RL.",
    title       = "Handedness: differential specializations for control of trajectory and position.",
    journal     = "Exerc Sport Sci Rev.",
    volume      = "33",
    issue       = "4",
    pages       = "206-13",
    year        = 2005,
};


@article{Swinnen:02,
    author      = "S. P. Swinnen",
    title       = "Intermanual coordination: from behavioural principles to neural-network interactions",
    journal     = "Nature Reviews Neuroscience",
    volume      = "3",
    issue       = "5",
    pages       = "350-361",
    year        = 2002,
};

@inproceedings{Seraji:91,
    author        = "H. Seraji",
    title         = "Task options for redundancy resolution using configuration control",
    booktitle     = "30th Annual International Conference of the IEEE Engineering in Medicine and Biology Society",
    address       = "Pasadena, USA",
    month         = Dec,
    year          = "1991",
    pages         = "2793-2798"
};

@article{Suh_Hollerbach:87,
    author        = "J. Hollerbach and K. Suh",
    title         = "Redundancy resolution of manipulators through torque optimization",
    journal       = "IEEE Trans. Robot. Automat.",
    volume        = "3",
    number        = "4",
    month         = Aug,
    year          = "1987",
    pages         = "308-316"
};

@Book{SahaSK:08,
    author      = "S.K. Saha",
    title       = "Introduction to Robotics",
    publisher   = "Tata McGraw-Hill Publishing Company Limited",
    year        = "2008",
};

@article{Sykes_Sutton:67,
    author      = "Sutton, G.G. and Sykes, K.",
    title       = "The variation of hand tremor with force in healthy subjects.",
    journal     = "J. of physiology",
    volume      = "191",
    issue       = "3",
    year        = 1967,
    pages       = "699-711",
};

@article{Schoner_Latash:01,
    author      = "Latash, M.L. and Scholz, J.F. and Danion, F. and Schoner, G.",
    title       = "Structure of motor variability in marginally redundant multifinger force production tasks",
    journal     = "Experimental brain research",
    volume      = "141",
    number      = "2",
    year        = 2001,
    pages       = "153-165",
};

@Techreport{Stealey_Mount:03,
    author      = "F. E. Mount and M. Whitmore and S. L. Stealey",
    title       = "Evaluation of Neutral Body Posture on Shuttle Mission STS-57 (SPACEHAB-1)",
    booktitle   = "report",
    month       = "Feb",
    year        = 2003,
};

@Incollection{Smith:09,
    author      = "A. M. Smith",
    title       = "The neurohaptic control of the hand",
    booktitle   = "Sensorimotor Control of Grasping: Physiology and Pathophysiology",
    editor      = "D. A. Nowak and J. Hermsdorfer",
    publisher   = "Cambridge University Press",
    pages       = "178-192",
    year        = "2009",
};

@article{Soechting_Tillery:95,
  author        = "Tillery, S.I. and Ebner, T.J. and Soechting, J.F.",
  title         = "Task dependence of primate arm postures",
  journal       = "Experimental. Brain Researchy",
  volume        = "104",
  number        = "1",
  year          = "1995",
  pages         = "1-11",
};

@article{Sternad_Schaal:01,
  author        = "S. Schaal and D. Sternad",
  title         = "Origins and violations of the 2/3 power law in rhythmic 3D movements",
  journal       = "Experimental Brain Research",
  volume        = "136",
  year          = "2001",
  pages         = "60-72",
};

@Inproceedings{Spong:92,
    author      = "Spong, M.W.",
    title       = "Remarks on robot dynamics: canonical transformations and Riemannian geometry",
    booktitle   = "Proceedings of 1992 IEEE International Conference on Robotics and Automation",
    address     = "Nice, France",
    volume      = "1",
    pages       = "554-559",
    year        = 1992,
};

@article{Sternad_Muller:09,
    author      = "Muller, H. and Sternad, D.",
    title       = "Motor learning: changes in the structure of variability in a redundant task",
    journal     = "Advances in experimental medicine and biology, Progress in Motor Control",
    volume      = "629",
    year        = 2009,
    pages       = "439-456",
};

@article{Schoner_Scholz:99,
    author      = "J. P. Scholz and G. Schoner",
    title       = "The uncontrolled manifold concept: identifying control variables for a functional task",
    journal     = "Experimental brain research",
    volume      = "126",
    number      = "3",
    year        = 1999,
    pages       = "289-306"
};

@Book{Melchiorri_Salisbury:90,
    author      = "Salisbury, JK and Melchiorri, C.",
    title       = "Exploiting the Redundancy of a Hand-Arm Robotic System",
    publisher   = "MIT A.I. Memo No.1261",
    year        = 1990,
}


@article{Smith_Meyer:88,
    author      = "D.E. Meyer and R.A. Abrams and S. Kornblum and C.E. Wright and J.E.K. Smith",
    title       = "Optimality in human motor performance: ideal control of rapid aimed movements",
    journal     = "Psychological Review",
    volume      = "95",
    year        = 1988,
    pages       = "340-370",
};

@article{Strick_Duma:02,
        author  = "R. P. Duma and P. L. Strick",
        title   = "Motor areas in the frontal lobe of the primate",
        journal = "Physiol Behav",
        volume  = "77",
        issue   = "4-5",
        pages   = "677-682",
        year    = "2002",
};



@inbook{Strick_Dum:05,
  author        = "R. Dum and P. Strick",
  title         = "Motor Areas in the frontal Lobe:The Anatomical Substrate for the Central Control of  Movement, In Motor Cortex in Voluntary Movements",
  publisher     = "CRC press",
  year          = "2005",
};

@article{Sinanan_Lum:09,
  author        = "M.J.H. Lum and D. C. W. Friedman and G Sankaranarayanan and H. King and K. Fodero II and R. Leuschke and B. Hannaford and J. Rosen and M. N. Sinanan",
  title         = "The RAVEN - A Multidisciplinary Approach to Developing a Telesurgery System",
  journal       = "IJRR, Special Issue:Medical Robotics Part I",
  volume        = "28",
  number        = "9",
  month         = Sep,
  year          = "2009",
  pages         = "1183-1197",
};



@article{Seraji_Glass:95,
    author      = "Glass, K. and Colbaugh, R. and Lim, D. and Seraji, H.",
    title       = "Real-time collision avoidance for redundant manipulators",
    journal     = "IEEE J. Robot. Autom.",
    volume      = "11",
    issue       = "3",
    year        = 1995,
    pages       = "448-457",
};

@article{Suzuki_Uno:89,
  author        = "Uno, Y. and Kawato, M. and Suzuki, R.",
  title         = "Formation and control of optimal trajectory in human multijoint arm movement - minimum torque-change model",
  journal       = "Biology Cybernetics",
  volume        = "61",
  year          = "1989",
  pages         = "89-101",
};


@Incollection{Shik_Gurfinkel:73,
    author      = "Gurfinkel, V.S. and Shik, M.L.",
    title       = "The control of posture and locomotion",
    booktitle   = "Motor control",
    editor      = "A.A. Gidikov and N.T. Tankov",
    publisher   = "Plenum Press",
    pages       = "217-234",
    year        = 1973,
};

@article{Snyder_Kazerooni:95,
    author      = "Kazerooni, H. and Snyder, T",
    title       = "Case study on haptic devices: Human-induced instability in powered hand controllers",
    journal     = "J. of Guidance, control, and dynamics",
    volume      = "18",
    issue       = "1",
    year        = 1995,
    pages       = "108-113",
};

@article{Soni_Loeff:75,
    author      = "Loeff, L.A. and Soni, A.H.",
    title       = "An algorithm for computer guidance of a manipulator in between obstacles",
    journal     = "Trans. ASME J. of Engineering for Industry",
    volume      = "97",
    issue       = "3",
    year        = 1975,
    pages       = "836-842",
};
@article{Starner_Paradiso:05,
    author      = "Paradiso, J.A. and Starner, T.",
    title       = "Energy scavenging for mobile and wireless electronics",
    journal     = "IEEE, Pervasive Computing",
    volume      = "4",
    issue       = "1",
    year        = 2005,
    pages       = "18-27",
};

@inproceedings{Sciavicco:87,
  author        = "Sciavicco, L.",
  title         = "A dynamic solution to the inverse kinematic problem for redundant manipulators",
  booktitle     = "ICRA 1987",
  address       = "Raleigh, NC, USA",
  volume        = "4",
  pages         = "1081-1087",
  month         = Mar,
  year          = "1987",
};
@article{Sciavicco:88,
  author        = "Sciavicco, L.",
  title         = "A solution algorithm to the inverse kinematic problem for redundant manipulators ",
  journal       = "IEEE Trans. Robot. Automat.",
  volume        = "4",
  number        = "4",
  year          = "1988",
  pages         = "403-410",
};


%============================
% T
%============================

@article{Tyler_Varma:03,
  author        = "Varma, TRK and Eldridge, PR and Forster, A and Fox, S and Fletcher, N and Steiger, M and Littlechild, P and Byrne, P and Sinnott, A and Tyler, K",
  title         = "Use of the NeuroMate stereotactic robot in a frameless mode for movement disorder surgery",
  journal       = "Stereotactic and functional neurosurgery",
  volume        = "80",
  issue         = "1-4",
  year          = "2003",
  pages         = "132-135"
};


@inproceedings{Taylor_Funda:95,
  author        = "Funda, Janez and Gruben, Kreg and Eldridge, Ben and Gomory, S and Taylor, R",
  title         = "Control and evaluation of a 7-axis surgical robot for laparoscopy",
  booktitle     = "ICRA 1995",
  volume        = "2",
  pages         = "1477-1484",
  year          = "1995",
};


@article{Turvey:07,
  author        = "Turvey, M. T.",
  title         = "Action and perception at the level of synergies",
  journal       = "Hum. Mov. Sci. ",
  volume        = "26",
  year          = "2007",
  pages         = "657-697",
};


@inproceedings{Teti_Dario:97,
  author        = "Dario, P and Guglielmelli, E and Laschi, C and Teti, G",
  title         = "Movaid: A mobile robotic system for residential care to disabled and elderly people",
  booktitle     = "First MobiNet Symposium",
  year          = "1997",
  pages         = "9-14"
};


@article{Thruna_Pineaua:03,
  author        = "J. Pineaua and M. Montemerloa and M. Pollackb and N, Roya and S. Thruna",
  title         = "Towards robotic assistants in nursing homes: Challenges and results",
  journal       = "Robotics and Autonomous Systems",
  volume        = "42",
  issue         = "3-4",
  month         = Mar,
  year          = "2003",
  pages         = "271-281"
};

@article{Torchiana_Cannon:03,
  author        = "J. Cannon and J.A. Stoll and S.D. Selha and P.E. Dupont and R.D. Howe and D.F. Torchiana",
  title         = "Port Placement Planning in Robot-Assisted Coronary Artery Bypass",
  journal       = "IEEE Transactions on Robotics \& Automation",
  volume        = "19",
  number        = "5",
  month         = oct,
  year          = "2003",
  pages         = "912-917"
};

@inproceedings{Torchiana_Selha:01,
  author        = "S. Selha and P. Dupont and R. Howe and D. Torchiana",
  title         = "Dexterity optimization by port placement in robot-assisted minimally invasive surgery",
  booktitle     = "2001 SPIE Int. Sym. on Intelligent Systems \& Advanced Manufacturing",
  address       = "Newton, MA, USA",
  month         = oct,
  year          = "2001",
};


@article{Turnerd_Annetta:79,
  author        = "J. Annetta and Marian Annettb and P. T. W. Hudsonc and Ann Turnerd",
  title         = "The control of movement in the preferred and non-preferred hands",
  journal       = "Quarterly Journal of Experimental Psychology",
  volume        = "31",
  number        = "4",
  year          = "1979",
  pages         = "641-652"
};


@article{Thunborg_Christensen:92,
  author        = "B. Christensen and W. Drotning and S. Thunborg",
  title         = "Model-based, sensordirected remediation of underground storage tanks",
  journal       = "J. Robot. Syst.",
  volume        = "9",
  number        = "2",
  year          = "1992",
  pages         = "145-159"
};


@article{Turvey_perspective:09,
  author        = "M. T. Turvey and S. Fonseca",
  title         = "Nature of Motor Control: Perspectives and Issues ",
  journal       = "Progress in Motor Control, Advances in Experimental Medicine and Biology",
  volume        = "629",
  number        = "1",
  year          = "2009",
  pages         = "93-123"
};
@article{Tversky:72,
  author        = "A. Tversky",
  title         = "Elimination by aspects: A theory of choice",
  journal       = "Psychological Review",
  volume        = "79",
  number        = "4",
  year          = "1972",
  pages         = "281-299",
};


@article{Tillery_Fan:06,
  author        = "J. Fan and J. He and SI. Tillery",
  title         = "Control of hand orientation and arm movement during reach and grasp.",
  journal       = "Exp. Brain Res.",
  volume        = "171",
  number        = "3",
  year          = "2006",
  pages         = "283-96",
};

@article{Tresilian_Mon-Williams:01,
  author        = "M. Mon-Williams and JR. Tresilian",
  title         = "A simple rule of thumb for elegant prehension.",
  journal       = "Curr. Biol.",
  volume        = "11",
  number        = "13",
  year          = "2001",
  pages         = "1058-61",
};


@article{Tolani_Badler:96,
        author  = "N. I. Badler and D. Tolani",
        title   = "Real-Time Inverse Kinematics of the Human Arm",
        journal = "Presence",
        volume  = "5",
        number  = "4",
        year    = "1996",
        pages   = "393-401",
};

@article{Todorov:02,
    author      = "Todorov, E.",
    title       = "Cosine tuning minimizes motor errors",
    journal     = "Neural computation",
    volume      = "14",
    issue       = "6",
    year        = 2002,
    pages       = "1233-1260",
};

@article{Terzuolo_Viviani:82,
    author      = "P. Viviani and C. Terzuolo",
    title       = "Trajectory determines movement dynamics ",
    journal     = "J. of Neuroscience",
    volume      = "7",
    issue       = "2",
    year        = 1982,
    pages       = "431-437",
};

@article{Todorov:04,
    author      = "Todorov, E.",
    title       = "Optimality principles in sensorimotor control",
    journal     = "Nature neuroscience",
    volume      = "7",
    issue       = "9",
    year        = 2004,
    pages       = "907-915",
};

%============================
% U
%============================
@article{Usui_Furusho:83,
    author      = "Furusho, J. and Usui, H.",
    title       = "A control method for manipulator with redundant",
    journal     = "Trans. JSME",
    volume      = "55",
    issue       = "514",
    year        = "1989",
    pages       = "1391-1398",
};


%============================
% V
%============================
@article{vanWieringen_Peper:95,
  author        = "Peper, CE. and Beek, PJ. and van Wieringen, PC.",
  title         = "Frequency-induced phase transitions in bimanual tapping.",
  journal       = "Biol Cybern.",
  volume        = "73",
  number        = "4",
  pages         = "301-9",
  year          = "1995",
};

@article{VanDerLoos_Lum:02,
    author      = "P. Lum and C. Burgar and P. Shor and M. Majmundar and M. Van Der Loos",
    title       = "Robot-assisted movement training compared with conventional therapy techniques for the rehabilitation of upper-limb motor Function After stroke",
    journal     = "American Congress of Rehabilitation Medicine and the American Academy of Physical Medicine and Rehabilitation",
    volume      = "83",
    issue       = "7",
    year        = "2002",
    pages       = "952-959",
};

@article{Viviani_Lacquanitia:83,
    author      = "F. Lacquanitia and C. Terzuoloa and P. Viviani",
    title       = "The law relating the kinematic and figural aspects of drawing movements",
    journal     = "J. of Neuroscience",
    volume      = "54",
    issue       = "1-3",
    year        = "1983",
    pages       = "115-130",
};

@article{Vaughan_Rosenbaum:09,
  author        = "Rosenbaum, D.A and Cohen, R.G. and Dawson, A.M. and Jax, S.A. and Meulenbroek, R.G. and Van der Wel R. and Vaughan, J.",
  title         = "The posture-based motion planning framework: new findings related to object manipulation, moving around obstacles, moving in three spatial dimensions, and haptic tracking",
  journal       = "Advances in experimental medicine and biology, Progress in Motor Control",
  volume        = "629",
  year          = "2009",
  pages         = "485-497",
};

@article{Viviania_Terzuoloa:80,
    author      = "C.A. Terzuoloa and P. Viviania",
    title       = "Determinants and characteristics of motor patterns used for typing",
    journal     = "J. of Neuroscience",
    volume      = "5",
    issue       = "6",
    year        = 1982,
    pages       = "431-437",
};


%============================
% W
%============================

@article{Wolpert_Ingram:08,
    author  = "JN Ingram and KP Kording and IS Howard and DM Wolpert",
    title   = "The statistics of natural hand movements",
    journal = "Exp Brain Res.",
    volume  = "188",
    number  = "2",
    pages   = "223¨C236",
    year    = "2008",
};

@article{Whitall_McCombeWaller:08,
    author  = "McCombe Waller, S and Whitall, J.",
    title   = "Bilateral arm training: why and who benefits?",
    journal = "NeuroRehabilitation",
    volume  = "23",
    number  = "1",
    pages   = "29-41",
    year    = "2008",
};

@Book{White_Purves:11,
    author      = "Dale Purves and George J. Augustine and David Fitzpatrick and William C. Hall and Anthony-Samuel LaMantia and Leonard E. White",
    title       = "Neuroscience",
    publisher   = "Sinauer Associates, Inc.",
    year        = "2011",
    note        = "5th edition",
};


@article{Wever_Mathiowetz:85,
    author  = "V. Mathiowetz and G. Volland and N. Kashman and K. Wever",
    title   = "Adult norms for the Box and Block Test of manual dexterity.",
    journal = "Am J Occup Ther.",
    volume  = "39",
    number  = "6",
    pages   = "386-91",
    year    = "1985",
};

@article{Wang:99,
    author  = "Xuguang Wang",
    title   = "A Behavior-based inverse kinematics algorithm to predict arm prehension posture for computer-aided ergonomic evaluation",
    journal = "J. Biomechanics",
    volume  = "32",
    number  = "5",
    pages   = "453-460",
    year    = "1999",
};

@article{Wenderoth_Swinnen:04,
  author        = "S.P. Swinnen and N. Wenderoth",
  title         = "Two hands, one brain: Cognitive neuroscience of bimanual skill",
  journal       = "Trends in Cognitive Science",
  volume        = "8",
  number        = "2004",
  pages         = "18-25",
  year          = "2004",
};

@article{Walter_Swinnen:98,
  author        = "Swinnen, SP. and Jardin, K. and Verschueren, S. and Meulenbroek, R. and Franz, L. and Dounskaia, N. and Walter, CB.",
  title         = "Exploring interlimb constraints during bimanual graphic performance: effects of muscle grouping and direction.",
  journal       = "Arch Phys Med Rehabil",
  volume        = "90",
  number        = "1",
  pages         = "79-87",
  year          = "1998",
};


@article{Whitall_Harris-Love:05,
  author        = "Harris-Love, ML. and McCombe-Waller, S and Whitall, J.",
  title         = "Exploiting interlimb coupling to improve paretic arm reaching performance in people with chronic stroke",
  journal       = "Arch Phys Med Rehabil",
  volume        = "86",
  number        = "11",
  pages         = "2131-7",
  year          = "2005",
};

@article{Winstein_Rose:05,
  author        = "Rose, DK. and Winstein, CJ.",
  title         = "The co-ordination of bimanual rapid aiming movements following stroke",
  journal       = "Clin Rehab",
  volume        = "19",
  number        = "4",
  pages         = "42-62",
  year          = "2005",
};
@article{Wolpert_Vetter:02,
    author      = "Vetter, P. and Flash, T. and Wolpert, D.M.",
    title       = "Planning movements in a simple redundant task",
    journal     = "Current Biology",
    volume      = "12",
    number      = "6",
    year        = "2002",
    pages       = "488-491",
};


@article{Wolpert_Hamilton:04,
    author      = "Hamilton, A.F. and Wolpert, D.M.",
    title       = "Controlling the statistics of action: obstacle avoidance",
    journal     = "J. of Neurophysiology",
    volume      = "87",
    issue       = "5",
    year        = 2004,
    pages       = "2434-2440",
};

@article{Wolpert_Sabes:98,
    author      = "P. N. Sabes and M.I. Jordan and D. M. Wolpert",
    title       = "The Role of Inertial Sensitivity in Motor Planning",
    journal     = "J. of Neuroscience",
    volume      = "18",
    issue       = "15",
    year        = 1998,
    pages       = "5948-5957",
};


@article{Wolpert_Harris:98,
  author        = "C. M. Harris and D. M. Wolpert",
  title         = "Signal-dependent noise determines motor planning",
  journal       = "Nature",
  volume        = "194",
  year          = "1998",
  pages         = "780-784",
};

@Book{Woodworth:99,
    author      = "Woodworth, R. S. ",
    title       = "The Accuracy of Voluntary Movement",
    publisher   = "The Macmillan Company",
    year        = 1899,
};



@article{Wing_Haggard:97,
  author        = "P. Haggard and A. Wing",
  title         = "On the hand transport component of prehensile movements.",
  journal       = "Curr. Biol.",
  volume        = "29",
  number        = "3",
  year          = "2001",
  pages         = "282-7",
};

@article{Wang:99,
    author      = "X. Wang",
    title       = "Three-dimensional kinematic analysis of influence of hand orientation and joint limits on the control of arm postures and movements",
    journal     = "Biol. Cybern.",
    volume      = "80",
    year        = "1999",
    pages       = "449-463",
};


%============================
% X
%============================
@Inproceedings{Xiao_Vannoy:04,
    author      = "Vannoy, J. and Xiao, J.",
    title       = "Real-time adaptive and trajectory-optimized manipulator motion planning",
    booktitle   = "Proceedings. 2004 IEEE/RSJ International Conference on Intelligent Robots and Systems",
    volume      = "1",
    pages       = "497-502",
    year        = 2004,
};
@article{Xiong_Liu:14,
  author        = "M Liu and C Xiong",
  title         = "Synergistic Characteristic of Human Hand during Grasping Tasks in Daily Life",
  journal       = "Intelligent Robotics and Applications",
  volume        = "8917",
  year          = "2014",
  pages         = "67-76",
};


%============================
% Y
%============================
@Book{Yoshikawa:90,
    author      = "T. Yoshikawa",
    title       = "Foundations of Robotics: Analysis and Control",
    publisher   = "The MIT Press",
    year        = "1990",
};

@inproceedings{Yuan_Yang:03,
  author        = "Feng Yang and Xiugan Yuan",
  title         = "An Inverse Kinematical Algorithm for human arm movement with comfort level taken into account",
  booktitle     = "Proceedings of 2003 IEEE Conference on Control Applications",
  address       = "Istanbul, Turkey",
  month         = Jun,
  year          = "2003",
  pages         = "1296-1300"
};

@inproceedings{Yoshikawa:85,
  author        = "T. Yoshikawa",
  title         = "Dynamic manipulability of robot manipulators",
  booktitle     = "IEEE International Conference on Robotics and Automation",
  address       = "St. Louis, Missouri",
  month         = Mar,
  year          = "1985",
  pages         = "1033-1038"
};

@article{Yoshikawa_Nakamura:87,
    author      = "Y. Nakamura and H. Hanafusa and T. Yoshikawa",
    title       = "Task-Priority Based Redundancy Control of Robot Manipulators",
    journal     = "IJRR",
    volume      = "6",
    issue       = "2",
    year        = "1987",
    pages       = "3-15"
};


@Incollection{Yabuta_Huang:10,
    author      = "J. Huang and M. Hara and T. Yabuta",
    title       = "Controlling a Finger-Arm Robot to Emulate the Motion of the Human Upper Limb by Regulating Finger Manipulability",
    booktitle   = "Motion Control",
    editor      = "F. Casolo",
    publisher   = "INTECH",
    pages       = "773-792",
    year        = 2010,
};

@Inproceedings{Yabuta_Huang:09,
    author      = "J. Huang and Yamada, D. and Hori, T. and Hara, M. and Yabuta, T.",
    title       = "Integration of impedance control and manipulability regulation for a finger-arm robot",
    booktitle   = "ICRA 2009",
    address     = "Kobe, Japan",
    pages       = "4006-4012",
    year        = 2009,
};
@article{Yabuta_Quan:06,
    author      = "B. T. Quan and J. Huang and M. Harada and T. Yabuta",
    title       = "Control of a Macro-Micro Robot System Using Manipulability of the Micro Robot",
    journal     = "JSME International Journal Series C,Special Issue on Advanced Technology of Vibration and Sound",
    volume      = "49",
    issue       = "3",
    year        = 2006,
    pages       = "897-904",
};
@Inproceedings{Yabuta_Huang:06,
    author      = "J. Huang and Yamada, D. and Hori, T. and Hara, M. and Yabuta, T.",
    title       = "Emulating the Motion of a Human Upper Limb: Controlling a Finger-arm Robot by using the Manipulability of its Finger",
    booktitle   = "ROBIO 2006",
    address     = "Kunming, China",
    pages       = "607-612",
    year        = 2006,
};


@article{Yoo_Rome:05,
    author      = "L. C. Rome and L. Flynn and E.M. Goldman and T.D. Yoo",
    title       = "Generating Electricity While Walking with Loads",
    journal     = "Science",
    volume      = "309",
    issue       = "5741",
    year        = 2005,
    pages       = "1725-1728",
};


%============================
% Z
%============================
@article{Zenati_Ota:09,
  author        = "Ota, Takeyoshi and Degani, Amir and Schwartzman, David and Zubiate, Brett and McGarvey, Jeremy and Choset, Howie and Zenati, Marco A",
  title         = "A highly articulated robotic surgical system for minimally invasive surgery",
  journal       = "The Annals of thoracic surgery",
  volume        = "87",
  number        = "4",
  pages         = "1253-1256",
  year          = "2009",
};


@article{Chaffin_Zhang:99,
    author  = "Xudong Zhang and Don B. Chaffin",
    title   = "The effects of speed variation on joint kinematics during multisegment reaching movements",
    journal = "human movement science",
    volume  = "18",
    issue   = "6",
    pages   = "741-757",
    year    = "1999",
};


@article{Zomlefer_Thorstensson:84,
    author      = "Thorstensson, A. and Nilsson, J. and Carlson, H. and Zomlefer, M.R.",
    title       = "Trunk movements in human locomotion",
    journal     = "Acta physiologica Scandinavica",
    volume      = "121",
    issue       = "1",
    year        = 1984,
    pages       = "9-22",
};


@article{Zipser_Torres:02,
    author      = "E.B. Torres and D. Zipser",
    title       = "Reaching to Grasp With a Multi-Jointed Arm. I. Computational Model ",
    journal     = "J Neurophysiol",
    volume      = "88",
    year        = 2002,
    pages       = "2355-2367",
};

@article{Zatsiorsky_Li:98,
    author      = "Z. Li and M. L. Latash and V. M. Zatsiorsky",
    title       = "Force sharing among fingers as a model of the redundancy problem",
    journal     = "Experimental brain research",
    volume      = "119",
    issue       = "3",
    year        = 1998,
    pages       = "276-286",
};

%%%%%%%%%%%%%%%%%%%%%%%% Examples %%%%%%%%%%%%%%%%%%%%%%%%%%%%%%%%%%%

% technical report
@Techreport{linDyn:00,
    author  = "Constantinescu, D.",
    title       = "Linear/Non-linear rigid body dynamics in a simple world",
    booktitle   = "report",
    address = "",
    month       = "Nov",
    year        = 2000,
}

% journal article
@Article{jdsmc:06,
    author      = "Constantinescu, D. and Salcudean, S.E. and Croft, E.A.",
    title       = "Haptic Manipulation of Serial-Chain Virtual Mechanisms",
    journal     = "ASME Transactions Journal of Dynamic Systems, Measurement and Control",
    volume      = "128",
    number  = "1",
    pages       = "65-74",
    year        =2006,
}

% conference article
@Inproceedings{isr04,
    author      = "Constantinescu, D. and Salcudean, S.E. and Croft, E.A.",
    title       = "Impulsive Forces for Haptic Rendering of Rigid Contacts",
    booktitle   = "Proceedings of the 35th International Symposium on Robotics",
    address     = "Paris, France",
    pages       = "1-6",
    year        =2004,
}

% collection of papers printed as a book
@Incollection{Abadie:00,
    author      = "Abadie, M.",
    title       = "Dynamic Simulation of Rigid Bodies: Modeling of Frictional Contact",
    booktitle   = "Impacts in Mechanical Systems: Analysis and Modeling",
    editor      = "Brogliato, B.",
    publisher   = "Springer Verlag, Berlin, Lecture Notes in Physics",
    volume      = "",
    pages       = "62-144",
    year        =2000,
}

% book
@Book{Ben-Israel-Greville:74,
    author      = "Ben-Israel, A. and Graville, T.N.E.",
    title       = "Generalized Inverses: Theory and Applications",
    publisher   = "New York:Wiley",
    year        =1974,
}

% phd thesis
@Phdthesis{Berkelman:phd99,
    author      = "Berkelman, J.M",
    title       = "Tool-Based Haptic Interaction with Dynamic Physical Simulations using Lorentz Magnetic Levitation",
    school      = "Carnegie Mellon University",
    year        =1999,
}

% masc thesis
@Mastersthesis{Brown:masc95,
    author      = "Brown, J.M",
    title       = "A Theoretical and Experimental Investigation into the Factors Affecting the Z-width of a Haptic Display",
    school      = "Nothwestern University",
    year        =1998,
}

% miscellaneous
@Misc{And-multiresolution,
    author      = "Rein-Lien Hsu And",
    title       = "Multiresolution Model Compression Using 3-D Wavelets",
    url         = "citeseer.nj.nec.com/422684.html"
}

%%==================================
%%  Unsorted Reference %%
%%==================================

@article{argall2009survey,
  title={A survey of robot learning from demonstration},
  author={Argall, Brenna D and Chernova, Sonia and Veloso, Manuela and Browning, Brett},
  journal={Robotics and autonomous systems},
  volume={57},
  number={5},
  pages={469--483},
  year={2009},
  publisher={Elsevier}
}

@article{freese2010virtual,
  title={Virtual robot experimentation platform v-rep: A versatile 3d robot simulator},
  author={Freese, Marc and Singh, Surya and Ozaki, Fumio and Matsuhira, Nobuto},
  journal={Simulation, modeling, and programming for autonomous robots},
  pages={51--62},
  year={2010},
  publisher={Springer}
}

@inproceedings{ijspeert2002movement,
  title={Movement imitation with nonlinear dynamical systems in humanoid robots},
  author={Ijspeert, Auke Jan and Nakanishi, Jun and Schaal, Stefan},
  booktitle={IEEE International Conference on Robotics and Automation},
  volume={2},
  pages={1398--1403},
  year={2002},
  organization={IEEE}
}

@article{dillmann2004teaching,
  title={Teaching and learning of robot tasks via observation of human performance},
  author={Dillmann, R{\"u}diger},
  journal={Robotics and Autonomous Systems},
  volume={47},
  number={2},
  pages={109--116},
  year={2004},
  publisher={Elsevier}
}

@article{brooks2004sensing,
  title={Sensing and manipulating built-for-human environments},
  author={Brooks, Rodney and Aryananda, Lijin and Edsinger, Aaron and Fitzpatrick, Paul and Kemp, Charles C and O'REILLY, UNA-MAY and Torres-Jara, Eduardo and Varshavskaya, Paulina and Weber, Jeff},
  journal={International Journal of Humanoid Robotics},
  volume={1},
  number={01},
  pages={1--28},
  year={2004},
  publisher={World Scientific}
}

@article{bluethmann2003robonaut,
  title={Robonaut: A robot designed to work with humans in space},
  author={Bluethmann, William and Ambrose, Robert and Diftler, Myron and Askew, Scott and Huber, Eric and Goza, Michael and Rehnmark, Fredrik and Lovchik, Chris and Magruder, Darby},
  journal={Autonomous robots},
  volume={14},
  number={2},
  pages={179--197},
  year={2003},
  publisher={Springer}
}

@book{bruce1998eye,
  title={In the eye of the beholder: the science of face perception.},
  author={Bruce, Vicki and Young, Andy},
  year={1998},
  publisher={Oxford University Press}
}
@article{blake2007perception,
  title={Perception of human motion},
  author={Blake, Randolph and Shiffrar, Maggie},
  journal={Annu. Rev. Psychol.},
  volume={58},
  pages={47--73},
  year={2007},
  publisher={Annual Reviews}
}

@inproceedings{kim2006human,
  title={Human-like arm motion generation for humanoid robots using motion capture database},
  author={Kim, Seungsu and Kim, ChangHwan and Park, Jong Hyeon},
  booktitle={IEEE/RSJ International Conference on Intelligent Robots and Systems},
  pages={3486--3491},
  year={2006},
  organization={IEEE}
}

@inproceedings{miura2009robot,
  title={Robot motion remix based on motion capture data towards human-like locomotion of humanoid robots},
  author={Miura, Kanako and Morisawa, Mitsuharu and Nakaoka, Shin'ichiro and Kanehiro, Fumio and Harada, Kensuke and Kaneko, Kenji and Kajita, Shuuji},
  booktitle={9th IEEE-RAS International Conference on Humanoid Robots, 2009},
  pages={596--603},
  year={2009},
  organization={IEEE}
}

@inproceedings{wang2010rome,
  title={When in Rome: the role of culture \& context in adherence to robot recommendations},
  author={Wang, Lin and Rau, Pei-Luen Patrick and Evers, Vanessa and Robinson, Benjamin Krisper and Hinds, Pamela},
  booktitle={Proceedings of the 5th ACM/IEEE international conference on Human-robot interaction},
  pages={359--366},
  year={2010},
  organization={IEEE Press}
}

@article{arkin2003ethological,
  title={An ethological and emotional basis for human--robot interaction},
  author={Arkin, Ronald C and Fujita, Masahiro and Takagi, Tsuyoshi and Hasegawa, Rika},
  journal={Robotics and Autonomous Systems},
  volume={42},
  number={3},
  pages={191--201},
  year={2003},
  publisher={Elsevier}
}

@inproceedings{bruce2002role,
  title={The role of expressiveness and attention in human-robot interaction},
  author={Bruce, Allison and Nourbakhsh, Illah and Simmons, Reid},
  booktitle={IEEE International Conference on Robotics and Automation},
  volume={4},
  pages={4138--4142},
  year={2002},
}

@article{yoshikawa2010multifingered,
  title={Multifingered robot hands: Control for grasping and manipulation},
  author={Yoshikawa, Tsuneo},
  journal={Annual Reviews in Control},
  volume={34},
  number={2},
  pages={199--208},
  year={2010},
  publisher={Elsevier}
}

@inproceedings{hirzinger2000mechatronics,
  title={A mechatronics approach to the design of light-weight arms and multifingered hands},
  author={Hirzinger, Gerd and Butterfass, Joerg and Fischer, Max and Grebenstein, Markus and Hahnle, M and Liu, Hong and Schaefer, Ingo and Sporer, Norbert},
  booktitle={IEEE International Conference on Robotics and Automation},
  volume={1},
  pages={46--54},
  year={2000},
}

@inproceedings{bridgwater2012robonaut,
  title={The robonaut 2 hand-designed to do work with tools},
  author={Bridgwater, Lyndon B and Ihrke, CA and Diftler, Myron A and Abdallah, Muhammad E and Radford, Nicolaus A and Rogers, JM and Yayathi, S and Askew, R Scott and Linn, D Marty},
  booktitle={IEEE International Conference on Robotics and Automation},
  pages={3425--3430},
  year={2012},
  organization={IEEE}
}

@article{kawasaki2002dexterous,
  title={Dexterous anthropomorphic robot hand with distributed tactile sensor: Gifu hand II},
  author={Kawasaki, Haruhisa and Komatsu, Tsuneo and Uchiyama, Kazunao},
  journal={IEEE/ASME transactions on mechatronics},
  volume={7},
  number={3},
  pages={296--303},
  year={2002},
  publisher={IEEE}
}

@inproceedings{hoshino2005pinching,
  title={Pinching with finger tips in humanoid robot hand},
  author={Hoshino, Kiyoshi and Kawabuchi, Ichiro},
  booktitle={12th International Conference on Advanced Robotics},
  pages={705--712},
  year={2005},
  organization={IEEE}
}

@Misc{ShadowHand2010,
    author      = "SHADOW(2010)",
    title       = "Shadow Dexterous Hand",
    url         = "http://www.shadowrobot.com/"
}


@inproceedings{liu2008multisensory,
  title={Multisensory five-finger dexterous hand: The DLR/HIT Hand II},
  author={Liu, Hong and Wu, Ke and Meusel, Peter and Seitz, Nikolaus and Hirzinger, Gerd and Jin, MH and Liu, YW and Fan, SW and Lan, T and Chen, ZP},
  booktitle={IEEE/RSJ International Conference on Intelligent Robots and Systems},
  pages={3692--3697},
  year={2008},
  organization={IEEE}
}

@article{kaneko2008development,
  title={Development of multi-fingered hand for life-size humanoid robots},
  author={Kaneko, Kenji and Harada, Kensuke and Kanehiro, Fumio},
  journal={Journal of the Robotics Society of Japan},
  volume={26},
  number={1},
  pages={98--109},
  year={2008},
  publisher={The Robotics Society of Japan}
}

@inproceedings{iwata2009design,
  title={Design of human symbiotic robot TWENDY-ONE},
  author={Iwata, Hiroyasu and Sugano, Shigeki},
  booktitle={IEEE International Conference on Robotics and Automation},
  pages={580--586},
  year={2009},
}

@article{hauser2017continuous,
  title={Continuous Pseudoinversion of a Multivariate Function: Application to Global Redundancy Resolution},
  author={Hauser, Kris},
  year={2017}
}

@article{li2017reaching,
  title={From reaching to reach-to-grasp: the arm posture difference and its implications on human motion control strategy},
  author={Li, Zhi and Milutinovi{\'c}, Dejan and Rosen, Jacob},
  journal={Experimental brain research},
  volume={235},
  number={5},
  pages={1627--1642},
  year={2017},
  publisher={Springer}
}

@inproceedings{li2014task,
  title={Task-relevance of grasping-related degrees of freedom in reach-to-grasp movements},
  author={Li, Zhi and Roldan, Jay Ryan and Milutinovi{\'c}, Dejan and Rosen, Jacob},
  booktitle={36th Annual International Conference of the IEEE Engineering in Medicine and Biology Society},
  pages={6903--6906},
  year={2014},
}

@inproceedings{cohen2010search,
  title={Search-based planning for manipulation with motion primitives},
  author={Cohen, Benjamin J and Chitta, Sachin and Likhachev, Maxim},
  booktitle={IEEE International Conference on Robotics and Automation},
  pages={2902--2908},
  year={2010}
}

@article{flash2005motor,
  title={Motor primitives in vertebrates and invertebrates},
  author={Flash, Tamar and Hochner, Binyamin},
  journal={Current opinion in neurobiology},
  volume={15},
  number={6},
  pages={660--666},
  year={2005}
}

@inproceedings{kwon2001coarse,
  title={On the coarse/fine dual-stage manipulators with robust perturbation compensator},
  author={Kwon, SangJoo and Chung, Wan Kyun and Youm, Youngil},
  booktitle={IEEE International Conference on Robotics and Automation},
  volume={1},
  pages={121--126},
  year={2001}
}

@article{dong2008stiffness,
  title={Stiffness research on a high-precision, large-workspace parallel mechanism with compliant joints},
  author={Dong, Wei and Sun, Lining and Du, Zhijiang},
  journal={Precision Engineering},
  volume={32},
  number={3},
  pages={222--231},
  year={2008}
}

@inproceedings{kumar2000augmentation,
  title={An augmentation system for fine manipulation},
  author={Kumar, Rajesh and Hager, Gregory D and Barnes, Aaron and Jensen, Patrick and Taylor, Russell H},
  booktitle={International Conference on Medical Image Computing and Computer-Assisted Intervention},
  pages={956--965},
  year={2000}
}

@article{lew2001simple,
  title={A simple active damping control for compliant base manipulators},
  author={Lew, Jae Young and Moon, S-M},
  journal={IEEE/ASME Transactions on Mechatronics},
  volume={6},
  number={3},
  pages={305--310},
  year={2001}
}

@inproceedings{lew1995micro,
  title={Micro manipulator motion control to suppress macro manipulator structural vibrations},
  author={Lew, Jae Y and Trudnowski, Dan J and Evans, Mark S and Bennett, David W},
  booktitle={IEEE International Conference on Robotics and Automation},
  volume={3},
  pages={3116--3120},
  year={1995}
}

%%% added literature on parameterized action and learning
@inproceedings{masson2016reinforcement,
  title={Reinforcement Learning with Parameterized Actions.},
  author={Masson, Warwick and Ranchod, Pravesh and Konidaris, George},
  booktitle={AAAI},
  pages={1934--1940},
  year={2016}
}

@article{fu2013bottom,
  title={Bottom-up symbolic control: Attractor-based planning and behavior synthesis},
  author={Fu, Jie and Tanner, Herbert G},
  journal={IEEE Transactions on Automatic Control},
  volume={58},
  number={12},
  pages={3142--3155},
  year={2013}
}

@article{fod2002automated,
  title={Automated derivation of primitives for movement classification},
  author={Fod, Ajo and Matari{\'c}, Maja J and Jenkins, Odest Chadwicke},
  journal={Autonomous robots},
  volume={12},
  number={1},
  pages={39--54},
  year={2002},
  publisher={Springer}
}

@inproceedings{barbivc2004segmenting,
  title={Segmenting motion capture data into distinct behaviors},
  author={Barbi{\v{c}}, Jernej and Safonova, Alla and Pan, Jia-Yu and Faloutsos, Christos and Hodgins, Jessica K and Pollard, Nancy S},
  booktitle={Proceedings of Graphics Interface 2004},
  pages={185--194},
  year={2004},
  organization={Canadian Human-Computer Communications Society}
}

@inproceedings{meier2012movement,
  title={Movement segmentation and recognition for imitation learning},
  author={Meier, Franziska and Theodorou, Evangelos and Schaal, Stefan},
  booktitle={Artificial Intelligence and Statistics},
  pages={761--769},
  year={2012}
}
%%====== handing over 

@inproceedings{monfort2015intent,
  title={Intent Prediction and Trajectory Forecasting via Predictive Inverse Linear-Quadratic Regulation.},
  author={Monfort, Mathew and Liu, Anqi and Ziebart, Brian D},
  booktitle={AAAI},
  pages={3672--3678},
  year={2015}
}
@book{bradshaw1997software,
  title={Software agents},
  author={Bradshaw, Jeffrey M},
  year={1997},
  publisher={MIT press}
}

@inproceedings{calinon2009learning,
  title={Learning collaborative manipulation tasks by demonstration using a haptic interface},
  author={Calinon, Sylvain and Evrard, Paul and Gribovskaya, Elena and Billard, Aude and Kheddar, Abderrahmane},
  booktitle={IEEE International Conference on Advanced Robotics},
  pages={1--6},
  year={2009}
}

@article{strabala2013towards,
  title={Towards seamless human-robot handovers},
  author={Strabala, Kyle Wayne and Lee, Min Kyung and Dragan, Anca Diana and Forlizzi, Jodi Lee and Srinivasa, Siddhartha and Cakmak, Maya and Micelli, Vincenzo},
  journal={Journal of Human-Robot Interaction},
  volume={2},
  number={1},
  pages={112--132},
  year={2013}
}

@inproceedings{gharbi2015toward,
  title={Toward a better understanding of the communication cues involved in a human-robot object transfer},
  author={Gharbi, Mamoun and Paubel, Pierre-Vincent and Clodic, Aur{\'e}lie and Carreras, Oph{\'e}lie and Alami, Rachid and Cellier, Jean-Marie},
  booktitle={IEEE International Symposium on Robot and Human Interactive Communication (RO-MAN)},
  pages={319--324},
  year={2015}
}

@inproceedings{agah1997human,
  title={Human interaction with a service robot: Mobile-manipulator handing over an object to a human},
  author={Agah, Arvin and Tanie, Kazuo},
  booktitle={1997 IEEE International Conference on Robotics and Automation},
  volume={1},
  pages={575--580},
  year={1997}
}

@inproceedings{aleotti2012comfortable,
  title={Comfortable robot to human object hand-over},
  author={Aleotti, Jacopo and Micelli, Vincenzo and Caselli, Stefano},
  booktitle={IEEE International Symposium on Robot and Human Interactive Communication (RO-MAN)},
  pages={771--776},
  year={2012}
}

@article{mcghan2015human,
  title={Human intent prediction using markov decision processes},
  author={McGhan, Catharine LR and Nasir, Ali and Atkins, Ella M},
  journal={Journal of Aerospace Information Systems},
  year={2015},
  publisher={American Institute of Aeronautics and Astronautics}
}

@article{ravichandar2017human,
  title={Human Intention Inference Using Expectation-Maximization Algorithm With Online Model Learning},
  author={Ravichandar, Harish Chaandar and Dani, Ashwin P},
  journal={IEEE Transactions on Automation Science and Engineering},
  volume={14},
  number={2},
  pages={855--868},
  year={2017}
}

@article{maeda2017phase,
  title={Phase estimation for fast action recognition and trajectory generation in human--robot collaboration},
  author={Maeda, Guilherme and Ewerton, Marco and Neumann, Gerhard and Lioutikov, Rudolf and Peters, Jan},
  journal={The International Journal of Robotics Research},
  pages={0278364917693927},
  year={2017},
  publisher={SAGE Publications Sage UK: London, England}
}

@article{sisbot2012human,
  title={A human-aware manipulation planner},
  author={Sisbot, Emrah Akin and Alami, Rachid},
  journal={IEEE Transactions on Robotics},
  volume={28},
  number={5},
  pages={1045--1057},
  year={2012}
}

@inproceedings{huang2016anticipatory,
  title={Anticipatory robot control for efficient human-robot collaboration},
  author={Huang, Chien-Ming and Mutlu, Bilge},
  booktitle={2016 11th ACM/IEEE International Conference on Human-Robot Interaction (HRI), },
  pages={83--90},
  year={2016}
}

@inproceedings{thobbi2011using,
  title={Using human motion estimation for human-robot cooperative manipulation},
  author={Thobbi, Anand and Gu, Ye and Sheng, Weihua},
  booktitle={2011 IEEE/RSJ International Conference on Intelligent Robots and Systems (IROS)},
  pages={2873--2878},
  year={2011}
}

@inproceedings{perez2015fast,
  title={Fast target prediction of human reaching motion for cooperative human-robot manipulation tasks using time series classification},
  author={P{\'e}rez-D'Arpino, Claudia and Shah, Julie A},
  booktitle={Robotics and Automation (ICRA), 2015 IEEE International Conference on},
  pages={6175--6182},
  year={2015}
}

@article{shotton2013real,
  title={Real-time human pose recognition in parts from single depth images},
  author={Shotton, Jamie and Sharp, Toby and Kipman, Alex and Fitzgibbon, Andrew and Finocchio, Mark and Blake, Andrew and Cook, Mat and Moore, Richard},
  journal={Communications of the ACM},
  volume={56},
  number={1},
  pages={116--124},
  year={2013}
}

@incollection{schaal2006dynamic,
  title={Dynamic movement primitives-a framework for motor control in humans and humanoid robotics},
  author={Schaal, Stefan},
  booktitle={Adaptive motion of animals and machines},
  pages={261--280},
  year={2006},
  publisher={Springer}
}

@article{ijspeert2013dynamical,
  title={Dynamical movement primitives: learning attractor models for motor behaviors},
  author={Ijspeert, Auke Jan and Nakanishi, Jun and Hoffmann, Heiko and Pastor, Peter and Schaal, Stefan},
  journal={Neural computation},
  volume={25},
  number={2},
  pages={328--373},
  year={2013},
  publisher={MIT Press}
}

@article{klanke2008library,
  title={A library for locally weighted projection regression},
  author={Klanke, Stefan and Vijayakumar, Sethu and Schaal, Stefan},
  journal={Journal of Machine Learning Research},
  volume={9},
  number={Apr},
  pages={623--626},
  year={2008}
}

@inproceedings{glasauer2010interacting,
  title={Interacting in time and space: Investigating human-human and human-robot joint action},
  author={Glasauer, Stefan and Huber, Markus and Basili, Patrizia and Knoll, Alois and Brandt, Thomas},
  booktitle={IEEE International Symposium on Robot and Human Interactive Communication (RO-MAN)},
  pages={252--257},
  year={2010}
}

@inproceedings{li2015rssworkshop,
  title={Predicting Object Transfer Position and Timing in Human-robot Handover Tasks},
  author={Li, Zhi and Hauser, Kris},
  booktitle={Science and Systems: 2015 Robotics (RSS 2015), Human-Robot Handover Workshop, Rome, Italy},
  year={2015}
}

@inproceedings{huber2010assist,
  title={When to assist?-Modelling human behaviour for hybrid assembly systems},
  author={Huber, Markus and Knoll, Alois and Brandt, Thomas and Glasauer, Stefan},
  booktitle={International Symposium on and 2010 6th German Conference on Robotics (ROBOTIK)},
  pages={1--6},
  year={2010},
  organization={VDE}
}

@article{nikolaidis2017human,
  title={Human-robot mutual adaptation in collaborative tasks: Models and experiments},
  author={Nikolaidis, Stefanos and Hsu, David and Srinivasa, Siddhartha},
  journal={The International Journal of Robotics Research},
  volume={36},
  number={5-7},
  pages={618--634},
  year={2017},
  publisher={SAGE Publications Sage UK: London, England}
}

@article{hancock2011meta,
  title={A meta-analysis of factors affecting trust in human-robot interaction},
  author={Hancock, Peter A and Billings, Deborah R and Schaefer, Kristin E and Chen, Jessie YC and De Visser, Ewart J and Parasuraman, Raja},
  journal={Human Factors},
  volume={53},
  number={5},
  pages={517--527},
  year={2011},
  publisher={Sage Publications Sage CA: Los Angeles, CA}
}

@article{lee2013computationally,
  title={Computationally modeling interpersonal trust},
  author={Lee, Jin Joo and Knox, Brad and Baumann, Jolie and Breazeal, Cynthia and DeSteno, David},
  journal={Frontiers in psychology},
  volume={4},
  pages={893},
  year={2013},
  publisher={Frontiers}
}

@inproceedings{salem2015would,
  title={Would you trust a (faulty) robot?: Effects of error, task type and personality on human-robot cooperation and trust},
  author={Salem, Maha and Lakatos, Gabriella and Amirabdollahian, Farshid and Dautenhahn, Kerstin},
  booktitle={Proceedings of the Tenth Annual ACM/IEEE International Conference on Human-Robot Interaction},
  pages={141--148},
  year={2015}
}
%%==== Low-level learning

@article{calinon2007learning,
  title={On learning, representing, and generalizing a task in a humanoid robot},
  author={Calinon, Sylvain and Guenter, Florent and Billard, Aude},
  journal={IEEE Transactions on Systems, Man, and Cybernetics, Part B (Cybernetics)},
  volume={37},
  number={2},
  pages={286--298},
  year={2007}
}

@article{calinon2010learning,
  title={Learning and reproduction of gestures by imitation},
  author={Calinon, Sylvain and D'halluin, Florent and Sauser, Eric L and Caldwell, Darwin G and Billard, Aude G},
  journal={IEEE Robotics \& Automation Magazine},
  volume={17},
  number={2},
  pages={44--54},
  year={2010}
}

@article{havoutis2016online,
  title={Online incremental learning of manipulation tasks for semi-autonomous teleoperation},
  author={Havoutis, Ioannis and Tanwani, Ajay Kumar and Calinon, Sylvain},
  year={2016}
}
@article{kulis2011revisiting,
  title={Revisiting k-means: New algorithms via Bayesian nonparametrics},
  author={Kulis, Brian and Jordan, Michael I},
  journal={arXiv preprint arXiv:1111.0352},
  year={2011}
}

@inproceedings{paxton2015incremental,
  title={An incremental approach to learning generalizable robot tasks from human demonstration},
  author={Paxton, Chris and Hager, Gregory D and Bascetta, Luca and others},
  booktitle={Robotics and Automation (ICRA), 2015 IEEE International Conference on},
  pages={5616--5621},
  year={2015},
  organization={IEEE}
}

@inproceedings{maeda2017active,
  title={Active Incremental Learning of Robot Movement Primitives},
  author={Maeda, Guilherme and Ewerton, Marco and Osa, Takayuki and Busch, Baptiste and Peters, Jan},
  booktitle={Conference on Robot Learning (CORL)},
  year={2017}
}
@article{meier2016probabilistic,
  title={A probabilistic representation for dynamic movement primitives},
  author={Meier, Franziska and Schaal, Stefan},
  journal={arXiv preprint arXiv:1612.05932},
  year={2016}
}

@inproceedings{cederborg2010incremental,
  title={Incremental local online gaussian mixture regression for imitation learning of multiple tasks},
  author={Cederborg, Thomas and Li, Ming and Baranes, Adrien and Oudeyer, Pierre-Yves},
  booktitle={2010 IEEE/RSJ International Conference on Intelligent Robots and Systems (IROS)},
  pages={267--274},
  year={2010}
}

@article{dong2012learning,
  title={Learning and recognition of hybrid manipulation motions in variable environments using probabilistic flow tubes},
  author={Dong, Shuonan and Williams, Brian},
  journal={International Journal of Social Robotics},
  volume={4},
  number={4},
  pages={357--368},
  year={2012},
  publisher={Springer}
}

@article{konidaris2018skills,
  title={From Skills to Symbols: Learning Symbolic Representations for Abstract High-Level Planning},
  author={Konidaris, George and Kaelbling, Leslie Pack and Lozano-Perez, Tomas},
  journal={Journal of Artificial Intelligence Research},
  volume={61},
  pages={215--289},
  year={2018}
}

@article{konidaris2012robot,
  title={Robot learning from demonstration by constructing skill trees},
  author={Konidaris, George and Kuindersma, Scott and Grupen, Roderic and Barto, Andrew},
  journal={The International Journal of Robotics Research},
  volume={31},
  number={3},
  pages={360--375},
  year={2012},
  publisher={SAGE Publications Sage UK: London, England}
}
%%==== Tele-nursing 



@article{vespa2007intensive,
  title={Intensive care unit robotic telepresence facilitates rapid physician response to unstable patients and decreased cost in neurointensive care},
  author={Vespa, Paul M and Miller, Chad and Hu, Xiao and Nenov, Val and Buxey, Farzad and Martin, Neil A},
  journal={Surgical Neurology},
  volume={67},
  number={4},
  pages={331--337},
  year={2007},
  publisher={Elsevier}
}
@article{ude2010task,
  title={Task-specific generalization of discrete and periodic dynamic movement primitives},
  author={Ude, Ale{\v{s}} and Gams, Andrej and Asfour, Tamim and Morimoto, Jun},
  journal={IEEE Transactions on Robotics},
  volume={26},
  number={5},
  pages={800--815},
  year={2010},
  publisher={IEEE}
}
@inproceedings{baltus2000towards,
  title={Towards personal service robots for the elderly},
  author={Baltus, Gregory and Fox, Dieter and Gemperle, Francine and Goetz, Jennifer and Hirsch, Tad and Magaritis, Dimitris and Montemerlo, Mike and Pineau, Joelle and Roy, Nicholas and Schulte, Jamie and others},
  booktitle={Proc. of the Workshop on Interactive Robotics and Entertainment (WIRE-2000)},
  year={2000}
};

@book{gibson2014ecological,
  title={The ecological approach to visual perception: classic edition},
  author={Gibson, James J},
  year={2014},
  publisher={Psychology Press}
}

@inproceedings{fitzpatrick2003learning,
  title={Learning about objects through action-initial steps towards artificial cognition},
  author={Fitzpatrick, Paul and Metta, Giorgio and Natale, Lorenzo and Rao, Sajit and Sandini, Giulio},
  booktitle={In Proceedings of IEEE International Conference on Robotics and Automation},
  volume={3},
  pages={3140--3145},
  year={2003}
}

@article{kjellstrom2011visual,
  title={Visual object-action recognition: Inferring object affordances from human demonstration},
  author={Kjellstr{\"o}m, Hedvig and Romero, Javier and Kragi{\'c}, Danica},
  journal={Computer Vision and Image Understanding},
  volume={115},
  number={1},
  pages={81--90},
  year={2011},
  publisher={Elsevier}
}

@inproceedings{thomaz2009learning,
  title={Learning about objects with human teachers},
  author={Thomaz, Andrea L and Cakmak, Maya},
  booktitle={ACM/IEEE international conference on Human robot interaction},
  pages={15--22},
  year={2009}
}

@incollection{lopes2010abstraction,
  title={Abstraction levels for robotic imitation: Overview and computational approaches},
  author={Lopes, Manuel and Melo, Francisco and Montesano, Luis and Santos-Victor, Jos{\'e}},
  booktitle={From Motor Learning to Interaction Learning in Robots},
  pages={313--355},
  year={2010},
  publisher={Springer}
}
@article{montesano2008learning,
  title={Learning object affordances: from sensory--motor coordination to imitation},
  author={Montesano, Luis and Lopes, Manuel and Bernardino, Alexandre and Santos-Victor, Jos{\'e}},
  journal={IEEE Transactions on Robotics},
  volume={24},
  number={1},
  pages={15--26},
  year={2008},
  publisher={IEEE}
}
@inproceedings{lopes2007affordance,
  title={Affordance-based imitation learning in robots},
  author={Lopes, Manuel and Melo, Francisco S and Montesano, Luis},
  booktitle={Intelligent Robots and Systems, 2007. IROS 2007. IEEE/RSJ International Conference on},
  pages={1015--1021},
  year={2007},
  organization={IEEE}
}

@article{aksoy2011learning,
  title={Learning the semantics of object--action relations by observation},
  author={Aksoy, Eren Erdal and Abramov, Alexey and D{\"o}rr, Johannes and Ning, Kejun and Dellen, Babette and W{\"o}rg{\"o}tter, Florentin},
  journal={The International Journal of Robotics Research},
  volume={30},
  number={10},
  pages={1229--1249},
  year={2011},
  publisher={SAGE Publications Sage UK: London, England}
}
@inproceedings{veloso2005learning,
  title={Learning visual object definitions by observing human activities},
  author={Veloso, Manuela and Von Hundelshausen, Felix and Rybski, Paul E},
  booktitle={5th IEEE-RAS International Conference on Humanoid Robots},
  pages={148--153},
  year={2005}
}

@inproceedings{ziebart2008maximum,
   author = {Brian D. Ziebart and Andrew Maas and J. Andrew Bagnell and
             Anind K. Dey},
   title = {Maximum Entropy Inverse Reinforcement Learning},
   booktitle = {Proc. AAAI Conference on Artificial Intelligence},
   year = {2008},
   pages={1433--1438} 
}

@inproceedings{ziebart2010modeling,
   author = {Brian D. Ziebart and J. Andrew Bagnell
      and Anind K. Dey},
   title = {Modeling Interaction via the Principle of Maximum Causal Entropy}, 
   year = {2010},
   pages = {1255--1262},
   booktitle = {Proc. International Conference on Machine Learning} 
}

@inproceedings{monfort2015softstar,
  title={Softstar: Heuristic-guided probabilistic inference},
  author={Monfort, Mathew and Lake, Brenden M and Ziebart, Brian and Lucey, Patrick and Tenenbaum, Josh},
  booktitle={Advances in Neural Information Processing Systems},
  pages={2764--2772},
  year={2015}
}

@inproceedings{byravan2015graph,
  title={Graph-Based Inverse Optimal Control for Robot Manipulation.},
  author={Byravan, Arunkumar and Monfort, Mathew and Ziebart, Brian D and Boots, Byron and Fox, Dieter},
  booktitle={Ijcai},
  volume={15},
  pages={1874--1890},
  year={2015}
}

@inproceedings{ziebart2012probabilistic,
  title={Probabilistic pointing target prediction via inverse optimal control},
  author={Brian D. Ziebart and Anind K. Dey and J. Andrew Bagnell},
  booktitle={Proceedings of the ACM International Conference on Intelligent User Interfaces},
  pages={1--10},
  year={2012}
}

@inproceedings{schultz2017goal,
  title={Goal-predictive robotic teleoperation from noisy sensors},
  author={Schultz, Christopher and Gaurav, Sanket and Monfort, Mathew and Zhang, Lingfei and Ziebart, Brian D},
  booktitle={IEEE International Conference on Robotics and Automation (ICRA)},
  pages={5377--5383},
  year={2017}
}

%======= Human factor

@article{chen2007human,
  title={Human performance issues and user interface design for teleoperated robots},
  author={Chen, Jessie YC and Haas, Ellen C and Barnes, Michael J},
  journal={IEEE Transactions on Systems, Man, and Cybernetics, Part C (Applications and Reviews)},
  volume={37},
  number={6},
  pages={1231--1245},
  year={2007}
}

@article{chen2011supervisory,
  title={Supervisory control of multiple robots: Human-performance issues and user-interface design},
  author={Chen, Jessie YC and Barnes, Michael J and Harper-Sciarini, Michelle},
  journal={IEEE Transactions on Systems, Man, and Cybernetics, Part C (Applications and Reviews)},
  volume={41},
  number={4},
  pages={435--454},
  year={2011}
}

@article{beer2014toward,
  title={Toward a framework for levels of robot autonomy in human-robot interaction},
  author={Beer, Jenay M and Fisk, Arthur D and Rogers, Wendy A},
  journal={Journal of Human-Robot Interaction},
  volume={3},
  number={2},
  pages={74},
  year={2014},
  publisher={NIH Public Access}
}

@article{nahavandi2017trusted,
  title={Trusted autonomy between humans and robots: Toward human-on-the-loop in robotics and autonomous systems},
  author={Nahavandi, Saeid},
  journal={IEEE Systems, Man, and Cybernetics Magazine},
  volume={3},
  number={1},
  pages={10--17},
  year={2017}
}

@inproceedings{bajones2016enabling,
  title={Enabling long-term human-robot interaction through adaptive behavior coordination},
  author={Bajones, Markus},
  booktitle={The Eleventh ACM/IEEE International Conference on Human Robot Interaction},
  pages={597--598},
  year={2016},
  organization={IEEE Press}
}

@inproceedings{alaieri2016ethical,
  title={Ethical decision making in robots: Autonomy, trust and responsibility},
  author={Alaieri, Fahad and Vellino, Andr{\'e}},
  booktitle={International Conference on Social Robotics},
  pages={159--168},
  year={2016},
  organization={Springer}
}

@inproceedings{goetz2003matching,
  title={Matching robot appearance and behavior to tasks to improve human-robot cooperation},
  author={Goetz, Jennifer and Kiesler, Sara and Powers, Aaron},
  booktitle={The 12th IEEE International Workshop on Robot and Human Interactive Communication},
  pages={55--60},
  year={2003}
}

@article{mitsunaga2008adapting,
  title={Adapting robot behavior for human--robot interaction},
  author={Mitsunaga, Noriaki and Smith, Christian and Kanda, Takayuki and Ishiguro, Hiroshi and Hagita, Norihiro},
  journal={IEEE Transactions on Robotics},
  volume={24},
  number={4},
  pages={911--916},
  year={2008}
}

@article{nomura2008prediction,
  title={Prediction of human behavior in human--robot interaction using psychological scales for anxiety and negative attitudes toward robots},
  author={Nomura, Tatsuya and Kanda, Takayuki and Suzuki, Tomohiro and Kato, Kensuke},
  journal={IEEE transactions on robotics},
  volume={24},
  number={2},
  pages={442--451},
  year={2008}
}

@article{rosen2002task,
  title={Task decomposition of laparoscopic surgery for objective evaluation of surgical residents' learning curve using hidden Markov model},
  author={Rosen, Jacob and Solazzo, Massimiliano and Hannaford, Blake and Sinanan, Mika},
  journal={Computer Aided Surgery},
  volume={7},
  number={1},
  pages={49--61},
  year={2002},
  publisher={Wiley Online Library}
}

@article{ballantyne2002robotic,
  title={Robotic surgery, telerobotic surgery, telepresence, and telementoring},
  author={Ballantyne, Garth H},
  journal={Surgical Endoscopy and Other Interventional Techniques},
  volume={16},
  number={10},
  pages={1389--1402},
  year={2002},
  publisher={Springer}
}

@article{novick2003analysis,
  title={Analysis of the learning curve in telerobotic, beating heart coronary artery bypass grafting: a 90 patient experience},
  author={Novick, Richard J and Fox, Stephanie A and Kiaii, Bob B and Stitt, Larry W and Rayman, Reiza and Kodera, Kojiro and Menkis, Alan H and Boyd, W Douglas},
  journal={The Annals of thoracic surgery},
  volume={76},
  number={3},
  pages={749--753},
  year={2003},
  publisher={Elsevier}
}

@article{sudan2012multifactorial,
  title={Multifactorial analysis of the learning curve for robot-assisted laparoscopic biliopancreatic diversion with duodenal switch},
  author={Sudan, Ranjan and Bennett, Kyla M and Jacobs, Danny O and Sudan, Debra L},
  journal={Annals of surgery},
  volume={255},
  number={5},
  pages={940--945},
  year={2012},
  publisher={LWW}
}

@article{sng2013multiphasic,
  title={The multiphasic learning curve for robot-assisted rectal surgery},
  author={Sng, Kevin Kaity and Hara, Masayasu and Shin, Jae-Won and Yoo, Byung-Eun and Yang, Kyung-Sook and Kim, Seon-Hahn},
  journal={Surgical endoscopy},
  volume={27},
  number={9},
  pages={3297--3307},
  year={2013},
  publisher={Springer}
}

%====== Joint affordance

@incollection{knoblich2011psychological,
  title={Psychological research on joint action: theory and data},
  author={Knoblich, G{\"u}nther and Butterfill, Stephen and Sebanz, Natalie},
  booktitle={Psychology of learning and motivation},
  volume={54},
  pages={59--101},
  year={2011},
  publisher={Elsevier}
}

@inproceedings{shu2017learning,
  title={Learning social affordance grammar from videos: Transferring human interactions to human-robot interactions},
  author={Shu, Tianmin and Gao, Xiaofeng and Ryoo, Michael S and Zhu, Song-Chun},
  booktitle={IEEE International Conference on Robotics and Automation (ICRA)},
  pages={1669--1676},
  year={2017}
}

@article{liu2016fuzzy,
  title={Fuzzy context-specific intention inference for robotic caregiving},
  author={Liu, Rui and Zhang, Xiaoli},
  journal={International Journal of Advanced Robotic Systems},
  volume={13},
  number={5},
  pages={1729881416662780},
  year={2016},
  publisher={SAGE Publications Sage UK: London, England}
}

@article{wang2013probabilistic,
  title={Probabilistic movement modeling for intention inference in human--robot interaction},
  author={Wang, Zhikun and M{\"u}lling, Katharina and Deisenroth, Marc Peter and Ben Amor, Heni and Vogt, David and Sch{\"o}lkopf, Bernhard and Peters, Jan},
  journal={The International Journal of Robotics Research},
  volume={32},
  number={7},
  pages={841--858},
  year={2013},
  publisher={SAGE Publications Sage UK: London, England}
}

%======= Li's paper

@inproceedings{kim2012resolving,
  title={Resolving the redundancy of a seven dof wearable robotic system based on kinematic and dynamic constraint},
  author={Kim, Hyunchul and Li, Zhi and Milutinovic, Dejan and Rosen, Jacob},
  booktitle={IEEE International Conference on Robotics and Automation (ICRA)},
  pages={305--310},
  year={2012}
}

@inproceedings{li2011maximizing,
  title={Maximizing dexterous workspace and optimal port placement of a multi-arm surgical robot},
  author={Li, Zhi and Glozman, Daniel and Milutinovic, Dejan and Rosen, Jacob},
  booktitle={IEEE International Conference on Robotics and Automation (ICRA)},
  pages={3394--3399},
  year={2011}
}

@inproceedings{li2009networked,
  title={Networked haptic cooperation using remote dynamic proxies},
  author={Li, Zhi and Constantinescu, Daniela},
  booktitle={Second International Conferences on Advances in Computer-Human Interactions, 2009. ACHI'09},
  pages={243--248},
  year={2009}
}

@inproceedings{kim2012admittance,
  title={Admittance control of an upper limb exoskeleton-Reduction of energy exchange},
  author={Kim, Hyunchul and Miller, Levi Makaio and Li, Zhi and Roldan, Jay Ryan and Rosen, Jacob},
  booktitle={Engineering in Medicine and Biology Society (EMBC), 2012 Annual International Conference of the IEEE},
  pages={6467--6470},
  year={2012},
  organization={IEEE}
}
@inproceedings{li2009remote,
  title={Remote dynamic proxies for wave-based peer-to-peer haptic interaction},
  author={Li, Zhi and Constantinescu, Daniela},
  booktitle={EuroHaptics conference, 2009 and Symposium on Haptic Interfaces for Virtual Environment and Teleoperator Systems. World Haptics 2009. Third Joint},
  pages={553--558},
  year={2009},
  organization={IEEE}
}

@article{li2016design,
  title={Design of a multi-arm surgical robotic system for dexterous manipulation},
  author={Li, Zhi and Milutinovi{\'c}, Dejan and Rosen, Jacob},
  journal={Journal of Mechanisms and Robotics},
  volume={8},
  number={6},
  pages={061017},
  year={2016},
  publisher={American Society of Mechanical Engineers}
}

@book{niekum2013semantically,
  title={Semantically grounded learning from unstructured demonstrations},
  author={Niekum, Scott D},
  year={2013},
  publisher={University of Massachusetts Amherst}
}

@inproceedings{thrun1995lifelong,
  title={A Lifelong Learning Perspective for Mobile Robot Control},
  author={Thrun, Sebastian},
  booktitle={Intelligent Robots and Systems},
  pages={201--214},
  year={1995},
  organization={Elsevier}
}

@article{thrun1995lifelong2,
  title={Lifelong robot learning},
  author={Thrun, Sebastian and Mitchell, Tom M},
  journal={Robotics and autonomous systems},
  volume={15},
  number={1-2},
  pages={25--46},
  year={1995},
  publisher={Elsevier}
}

@incollection{thrun1998lifelong,
  title={Lifelong learning algorithms},
  author={Thrun, Sebastian},
  booktitle={Learning to learn},
  pages={181--209},
  year={1998},
  publisher={Springer}
}

@inproceedings{carlson2010toward,
  title={Toward an architecture for never-ending language learning.},
  author={Carlson, Andrew and Betteridge, Justin and Kisiel, Bryan and Settles, Burr and Hruschka Jr, Estevam R and Mitchell, Tom M},
  booktitle={AAAI},
  volume={5},
  pages={3},
  year={2010},
  organization={Atlanta}
}

@inproceedings{banko2007strategies,
  title={Strategies for lifelong knowledge extraction from the web},
  author={Banko, Michele and Etzioni, Oren},
  booktitle={Proceedings of the 4th international conference on Knowledge capture},
  pages={95--102},
  year={2007},
  organization={ACM}
}

@inproceedings{abbeel2004apprenticeship,
  title={Apprenticeship learning via inverse reinforcement learning},
  author={Abbeel, Pieter and Ng, Andrew Y},
  booktitle={Proceedings of the twenty-first international conference on Machine learning},
  pages={1},
  year={2004},
  organization={ACM}
}

@inproceedings{ng2000algorithms,
  title={Algorithms for inverse reinforcement learning.},
  author={Ng, Andrew Y and Russell, Stuart J and others},
  booktitle={Icml},
  pages={663--670},
  year={2000}
}

@article{kulic2012incremental,
  title={Incremental learning of full body motion primitives and their sequencing through human motion observation},
  author={Kuli{\'c}, Dana and Ott, Christian and Lee, Dongheui and Ishikawa, Junichi and Nakamura, Yoshihiko},
  journal={The International Journal of Robotics Research},
  volume={31},
  number={3},
  pages={330--345},
  year={2012},
  publisher={SAGE Publications Sage UK: London, England}
}

@article{matsubara2011learning,
  title={Learning parametric dynamic movement primitives from multiple demonstrations},
  author={Matsubara, Takamitsu and Hyon, Sang-Ho and Morimoto, Jun},
  journal={Neural networks},
  volume={24},
  number={5},
  pages={493--500},
  year={2011},
  publisher={Elsevier}
}

@inproceedings{veeriah2015differential,
  title={Differential recurrent neural networks for action recognition},
  author={Veeriah, Vivek and Zhuang, Naifan and Qi, Guo-Jun},
  booktitle={IEEE International Conference on Computer Vision (ICCV)},
  pages={4041--4049},
  year={2015}
}

@inproceedings{li2016adversarial,
  title={Adversarial Sequence Tagging},
  author={Li, Jia and Asif, Kaiser and Wang, Hong and Ziebart, Brian D and Berger-Wolf, Tanya},
  booktitle={International Joint Conference on Artificial Intelligence (IJCAI)},
  pages={1690--1696},
  year={2016}
}


@inproceedings{byravan2014layered,
  title={Layered Hybrid Inverse Optimal Control for Learning Robot Manipulation from Demonstration},
  author={Byravan, Arunkumar and Monfort, Mathew and Ziebart, Brian and Boots, Byron and Fox, Dieter},
  booktitle={NIPS Workshop on Autonomous Learning Robots},
  year={2014}
}


@inproceedings{behpour2015minimax,
  title={A Minimax Robust Approach for Learning to Assist Users with Pointing Tasks},
  author={Behpour, Sima and Ziebart, Brian},
  booktitle={Workshops at the Twenty-Ninth AAAI Conference on Artificial Intelligence},
  year={2015}
}

@article{liu2015addressing,
  title={Addressing Covariate Shift in Active Learning with Adversarial Prediction},
  year = {2015},
  author={Liu, Anqi and Asif, Kaiser and Xing, Wei and Behpour, Sima and Ziebart, Brian D and Reyzin, Lev}
}

@inproceedings{chen2016robust,
  title={Robust Covariate Shift Regression},
  author={Chen, Xiangli and Monfort, Mathew and Liu, Anqi and Ziebart, Brian D},
  booktitle={Proceedings of the 19th International Conference on Artificial Intelligence and Statistics},
  pages={1270--1279},
  year={2016}
}
@inproceedings{chen2015imitation,
  title={Robust Covariate Shift Regression},
  author={Chen, Xiangli and Ziebart, Brian D and Carr, Peter},
  booktitle={ NIPS Workshop: Probabilistic Approaches for Robotics and Control},
  year={2015}
}


@inproceedings{chen2015predictive,
  title={Predictive Inverse Optimal Control for Linear-Quadratic-Gaussian Systems},
  author={Chen, Xiangli and Ziebart, Brian D},
  booktitle={Artificial Intelligence and Statistics (AISTATS)},
  year={2015}
}

@INPROCEEDINGS{liu2014robust,
title = {Robust Classification Under Sample Selection Bias},
author = {Liu, Anqi and Ziebart, Brian},
booktitle = {Advances in Neural Information Processing Systems 27},
XXeditor = {Z. Ghahramani and M. Welling and C. Cortes and N.D. Lawrence and K.Q. Weinberger},
pages = {37--45},
year = {2014}
}

@inproceedings{wang2015adversarial,
  title={Adversarial prediction games for multivariate losses},
  author={Wang, Hong and Xing, Wei and Asif, Kaiser and Ziebart, Brian},
  booktitle={Advances in Neural Information Processing Systems},
  pages={2728--2736},
  year={2015}
}

@inproceedings{chen2016adversarial,
  title={Adversarial inverse optimal control for general imitation learning losses and embodiment transfer},
  author={Chen, Xiangli and Monfort, Mathew and Ziebart, Brian D and Carr, Peter},
  booktitle={Proceedings of the International Conference on Uncertainty in Artificial Intelligence},
  pages={102-111},
  year={2016}
}


@inproceedings{monfort2013predictive,
   author = {Mathew Monfort and Brendan M. Lake and Brian D. Ziebart and
           Joshua B. Tenenbaum},
   title = {Predictive Inverse Optimal Control in Large Decision Processes 
           via Heuristic-based Search},
   booktitle = {the International Conference on Machine Learning: Workshop on 
            Robotics},
   year = {2013}
}

@inproceedings{asif2013inferring,
   author = {Kaiser Asif and Brian D. Ziebart}, 
   title = {Inferring and Learning Sub-goal Sequences},
   booktitle = {the Internaional Conference on Machine Learning: Workshop on 
Robotics},
   year = {2013}
}

@inproceedings{liu2015shift,
   author = {Liu, Anqi and Reyzin, Lev and Ziebart, Brian D.},
   title = {Shift-Pessimistic Active Learning Using Robust Bias-Aware Prediction},
   booktitle = {AAAI Conference on Artificial Intelligence},
   year = {2015},
}

@incollection{taylor2016medical,
  title={Medical robotics and computer-integrated surgery},
  author={Taylor, Russell H and Menciassi, Arianna and Fichtinger, Gabor and Fiorini, Paolo and Dario, Paolo},
  booktitle={Springer handbook of robotics},
  pages={1657--1684},
  year={2016},
  publisher={Springer}
}

@incollection{HandbookOfRobotics_learningfromhuman,
  title={Learning from humans},
  author={Billard, Aude G and Calinon, Sylvain and Dillmann, R{\"u}diger},
  booktitle={Springer handbook of robotics},
  pages={1995--2014},
  year={2016},
  publisher={Springer}
}

@incollection{HandbookOfRobotics_robotlearning,
  title={Robot Learning},
  author={Peters, J. and Lee, D.D. and Kober, J. and Nguyen-Tuong, D. and Bagnell, J.A. and Schaal, S.},
  booktitle={Springer handbook of robotics, 2nd Edition},
  pages={357--398},  
  year={2016},
  publisher={Springer}
}

@incollection{HandbookOfRobotics_motionplanning,
  title={Motion planning},
  author={Kavraki, L.E. and LaValle, S.M.},
  booktitle={Springer handbook of robotics},
  pages={139--162},
  year={2016},
  publisher={Springer}
}

@article{mortl2012role,
  title={The role of roles: Physical cooperation between humans and robots},
  author={M{\"o}rtl, Alexander and Lawitzky, Martin and Kucukyilmaz, Ayse and Sezgin, Metin and Basdogan, Cagatay and Hirche, Sandra},
  journal={The International Journal of Robotics Research},
  volume={31},
  number={13},
  pages={1656--1674},
  year={2012},
  publisher={SAGE Publications Sage UK: London, England}
}

@article{clark2004pac,
  title={PAC-learnability of probabilistic deterministic finite state automata},
  author={Clark, Alexander and Thollard, Franck},
  journal={Journal of Machine Learning Research},
  volume={5},
  number={May},
  pages={473--497},
  year={2004}
}
@book{basar1999dynamic,
  title={Dynamic noncooperative game theory},
  author={Basar, Tamer and Olsder, Geert Jan},
  volume={23},
  year={1999},
  publisher={Siam}
}
@article{angluin1987learning,
  title={Learning regular sets from queries and counterexamples},
  author={Angluin, Dana},
  journal={Information and computation},
  volume={75},
  number={2},
  pages={87--106},
  year={1987},
  publisher={Elsevier}
}

@incollection{bandyopadhyay2013intention,
  title={Intention-aware motion planning},
  author={Bandyopadhyay, Tirthankar and Won, Kok Sung and Frazzoli, Emilio and Hsu, David and Lee, Wee Sun and Rus, Daniela},
  booktitle={Algorithmic Foundations of Robotics X},
  pages={475--491},
  year={2013},
  publisher={Springer}
}

@inproceedings{heinz2013learning,
  title={Learning subregular classes of languages with factored deterministic automata},
  author={Heinz, Jeffrey and Rogers, Jim},
  booktitle={Proceedings of the 13th Meeting on the Mathematics of Language (MoL 13)},
  pages={64--71},
  year={2013}
}
@inproceedings{cermak2016using,
  title={Using correlated strategies for computing stackelberg equilibria in extensive-form games},
  author={Cermak, Jiri and Bosansky, Branislav and Durkota, Karel and Lisy, Viliam and Kiekintveld, Christopher},
  booktitle={Thirtieth AAAI Conference on Artificial Intelligence},
  year={2016}
}

@article{colman2014explaining,
  title={Explaining strategic coordination: Cognitive hierarchy theory, strong Stackelberg reasoning, and team reasoning.},
  author={Colman, Andrew M and Pulford, Briony D and Lawrence, Catherine L},
  journal={Decision},
  volume={1},
  number={1},
  pages={35},
  year={2014},
  publisher={Educational Publishing Foundation}
}

% pi qualification

@Article{fu2014adaptive,
  author    = {Fu, Jie and Tanner, Herbert G and Heinz, Jeffrey and Chandlee, Jane},
  title     = {Adaptive symbolic control for finite-state transition systems with grammatical inference},
  journal   = {IEEE Transactions on Automatic Control},
  year      = {2014},
  volume    = {59},
  number    = {2},
  pages     = {505--511},
  publisher = {IEEE},
}
@book{de2010grammatical,
  title={Grammatical inference: learning automata and grammars},
  author={De la Higuera, Colin},
  year={2010},
  publisher={Cambridge University Press}
}
@article{hopcroft2001introduction,
  title={Introduction to automata theory, languages, and computation},
  author={Hopcroft, John E and Motwani, Rajeev and Ullman, Jeffrey D},
  journal={Acm Sigact News},
  volume={32},
  number={1},
  pages={60--65},
  year={2001},
  publisher={ACM}
}

@book{alur2015principles,
  title={Principles of cyber-physical systems},
  author={Alur, Rajeev},
  year={2015},
  publisher={MIT Press}
}

@InProceedings{fu2017sampling,
  author       = {Fu, Jie and Papusha, Ivan and Topcu, Ufuk},
  title        = {Sampling-based approximate optimal control under temporal logic constraints},
  booktitle    = {Proceedings of the 20th International Conference on Hybrid Systems: Computation and Control},
  year         = {2017},
  pages        = {227--235},
  organization = {ACM},
}


@Article{fu2015concurrent,
  author    = {Fu, Jie and Tanner, Herbert G and Heinz, Jeffrey},
  title     = {Concurrent multi-agent systems with temporal logic objectives: game theoretic analysis and planning through negotiation},
  journal   = {IET Control Theory \& Applications},
  year      = {2015},
  volume    = {9},
  number    = {3},
  pages     = {465--474},
  publisher = {IET},
}
@Article{fu2016synthesis,
  author    = {Fu, Jie and Topcu, Ufuk},
  title     = {Synthesis of shared autonomy policies with temporal logic specifications},
  journal   = {IEEE Transactions on Automation Science and Engineering},
  year      = {2016},
  volume    = {13},
  number    = {1},
  pages     = {7--17},
  publisher = {IEEE},
}

@inproceedings{perny2010finding,
  title={On finding compromise solutions in multiobjective Markov decision processes},
  author={Perny, Patrice and Weng, Paul},
  booktitle={European Conference on Artificial Intelligence Multidisciplinary Workshop on Advances in Preference Handling},
  pages={969--970},
  year={2010},
  organization={IOS Press}
}

@inproceedings{fulda2007predicting,
  title={Predicting and Preventing Coordination Problems in Cooperative Q-learning Systems.},
  author={Fulda, Nancy and Ventura, Dan},
  booktitle={IJCAI},
  volume={2007},
  pages={780--785},
  year={2007}
}
@article{downey2016blending,
  title={Blending of brain-machine interface and vision-guided autonomous robotics improves neuroprosthetic arm performance during grasping},
  author={Downey, John E and Weiss, Jeffrey M and Muelling, Katharina and Venkatraman, Arun and Valois, Jean-Sebastien and Hebert, Martial and Bagnell, J Andrew and Schwartz, Andrew B and Collinger, Jennifer L},
  journal={Journal of neuroengineering and rehabilitation},
  volume={13},
  number={1},
  pages={28},
  year={2016},
  publisher={BioMed Central}
}
@inproceedings{franceschi2017forward,
  title={Forward and Reverse Gradient-Based Hyperparameter Optimization},
  author={Franceschi, Luca and Donini, Michele and Frasconi, Paolo and Pontil, Massimiliano},
  booktitle={International Conference on Machine Learning},
  pages={1165--1173},
  year={2017}
}